@book{stillings1995cognitive,
  title={Cognitive science: An introduction},
  author={Stillings, Neil A and Weisler, Steven E and Chase, Christopher H and Feinstein, Mark H},
  year={1995},
  publisher={MIT press}
}