@article{kingma2014adam,
  title={Adam: A method for stochastic optimization},
  author={Kingma, Diederik and Ba, Jimmy},
  journal={arXiv preprint arXiv:1412.6980},
  year={2014}
}

@inproceedings{FinnC2017,
	author    = {Chelsea Finn and Pieter Abbeel and Sergey Levine},
  title     = {Model-Agnostic Meta-Learning for Fast Adaptation of Deep Networks},
  booktitle = {34th International Conference on Machine Learning},
  year      = {2017},
}

@inproceedings{ravi2017oneshot,
	author    = {Sachin Ravi and 
               Hugo Larochelle},
  title     = {Optimization as a Model for Few-Shot Learning},
  booktitle = {5th International Conference on Learning Representations},
  year      = {2017},
}

@inproceedings{snell2017protonet,
  author    = {Jake Snell and Kevin Swersky and Richard S. Zemel},
  title     = {Prototypical Networks for Few-shot Learning},
  booktitle = {Advances in Neural Information Processing Systems 30},
  year      = {2017},
}

@inproceedings{lake2011oneshot,
  author    = {Brenden M. Lake and
               Ruslan Salakhutdinov and
               Jason Gross and
               Joshua B. Tenenbaum},
  title     = {One shot learning of simple visual concepts},
  booktitle = {Proceedings of the 33th Annual Meeting of the Cognitive Science Society,
               CogSci 2011, Boston, Massachusetts, USA, July 20-23, 2011},
  year      = {2011},
}

@inproceedings{vinyals2016matchingnet,
  author    = {Oriol Vinyals and
               Charles Blundell and
               Tim Lillicrap and
               Koray Kavukcuoglu and
               Daan Wierstra},
  title     = {Matching Networks for One Shot Learning},
  booktitle = {Advances in Neural Information Processing Systems 29},
  pages     = {3630--3638},
  year      = {2016},
}

@article{russakovsky2015imagenet,
  title={Imagenet large scale visual recognition challenge},
  author={Russakovsky, Olga and Deng, Jia and Su, Hao and Krause, Jonathan and Satheesh, Sanjeev and Ma, Sean and Huang, Zhiheng and Karpathy, Andrej and Khosla, Aditya and Bernstein, Michael and others},
  journal={International Journal of Computer Vision},
  volume={115},
  number={3},
  pages={211--252},
  year={2015},
  publisher={Springer}
}

@inproceedings{deng2009imagenet,
  title={Imagenet: A large-scale hierarchical image database},
  author={Deng, Jia and Dong, Wei and Socher, Richard and Li, Li-Jia and Li, Kai and Fei-Fei, Li},
  booktitle={Computer Vision and Pattern Recognition, 2009. CVPR 2009. IEEE Conference on},
  pages={248--255},
  year={2009},
  organization={IEEE}
}

@inproceedings{Santoro2016,
  author    = {Adam Santoro and
               Sergey Bartunov and
               Matthew Botvinick and
               Daan Wierstra and
               Timothy P. Lillicrap},
  title     = {One-shot Learning with Memory-Augmented Neural Networks},
  booktitle = {33rd International Conference on Machine Learning},
  year      = {2016},
}

@article{MishraN2017,
  author    = {Nikhil Mishra and
               Mostafa Rohaninejad and
               Xi Chen and
               Pieter Abbeel},
  title     = {Meta-Learning with Temporal Convolutions},
  journal   = {CoRR},
  volume    = {abs/1707.03141},
  year      = {2017},
}

@book{ChapelleO2010,
 author = {Chapelle, Olivier and Sch{\"o}lkopf, Bernhard and Zien, Alexander},
 title = {Semi-Supervised Learning},
 year = {2010},
 isbn = {0262514125, 9780262514125},
 edition = {1st},
 publisher = {The MIT Press},
} 

@inproceedings{koch2015siamese,
  title={Siamese neural networks for one-shot image recognition},
  author={Koch, Gregory and Zemel, Richard and Salakhutdinov, Ruslan},
  booktitle={ICML Deep Learning Workshop},
  volume={2},
  year={2015}
}

@article{bachman2017active-learning,
  title={Learning Algorithms for Active Learning},
  author={Bachman, Philip and Sordoni, Alessandro and Trischler, Adam},
  year={2017}
}

@incollection{Thrun1998,
  title={Lifelong learning algorithms},
  author={Thrun, Sebastian},
  booktitle={Learning to learn},
  pages={181--209},
  year={1998},
  publisher={Springer}
}

@inproceedings{Hochreiter2001,
  title={Learning to learn using gradient descent},
  author={Hochreiter, Sepp and Younger, A Steven and Conwell, Peter R},
  booktitle={International Conference on Artificial Neural Networks},
  pages={87--94},
  year={2001},
  organization={Springer}
}

@inproceedings{andrychowicz2016learning,
  title={Learning to learn by gradient descent by gradient descent},
  author={Andrychowicz, Marcin and Denil, Misha and Gomez, Sergio and Hoffman, Matthew W and Pfau, David and Schaul, Tom and de Freitas, Nando},
  booktitle={Advances in Neural Information Processing Systems},
  pages={3981--3989},
  year={2016}
}

@article{wang2016rl,
  title={Learning to reinforcement learn},
  author={Wang, Jane X and Kurth-Nelson, Zeb and Tirumala, Dhruva and Soyer, Hubert and Leibo, Joel Z and Munos, Remi and Blundell, Charles and Kumaran, Dharshan and Botvinick, Matt},
  journal={arXiv preprint arXiv:1611.05763},
  year={2016}
}

@article{zhu2005semi,
  title={Semi-supervised learning literature survey},
  author={Zhu, Xiaojin},
  year={2005},
  publisher={Citeseer}
}

@inproceedings{yarowsky1995unsupervised,
  title={Unsupervised word sense disambiguation rivaling supervised methods},
  author={Yarowsky, David},
  booktitle={Proceedings of the 33rd annual meeting on Association for Computational Linguistics},
  pages={189--196},
  year={1995},
  organization={Association for Computational Linguistics}
}

@article{rosenberg2005semi,
  title={Semi-supervised self-training of object detection models},
  author={Rosenberg, Chuck and Hebert, Martial and Schneiderman, Henry},
  year={2005},
  publisher={IEEE Press}
}

@article{lloyd1982least,
  title={Least squares quantization in PCM},
  author={Lloyd, Stuart},
  journal={IEEE transactions on information theory},
  volume={28},
  number={2},
  pages={129--137},
  year={1982},
  publisher={IEEE}
}

@article{gupta2017local,
  title={Local search methods for k-means with outliers},
  author={Gupta, Shalmoli and Kumar, Ravi and Lu, Kefu and Moseley, Benjamin and Vassilvitskii, Sergei},
  journal={Proceedings of the VLDB Endowment},
  volume={10},
  number={7},
  pages={757--768},
  year={2017},
  publisher={VLDB Endowment}
}

@inproceedings{chawla2013k,
  title={k-means--: A unified approach to clustering and outlier detection},
  author={Chawla, Sanjay and Gionis, Aristides},
  booktitle={Proceedings of the 2013 SIAM International Conference on Data Mining},
  pages={189--197},
  year={2013},
  organization={SIAM}
}

@inproceedings{hautamaki2005improving,
  title={Improving k-means by outlier removal},
  author={Hautam{\"a}ki, Ville and Cherednichenko, Svetlana and K{\"a}rkk{\"a}inen, Ismo and Kinnunen, Tomi and Fr{\"a}nti, Pasi},
  booktitle={Scandinavian Conference on Image Analysis},
  pages={978--987},
  year={2005},
  organization={Springer}
}

@inproceedings{ba2016fw,
  author    = {Jimmy Ba and
               Geoffrey E. Hinton and
               Volodymyr Mnih and
               Joel Z. Leibo and
               Catalin Ionescu},
  title     = {Using Fast Weights to Attend to the Recent Past},
  booktitle = {Advances in Neural Information Processing Systems 29: Annual Conference
               on Neural Information Processing Systems 2016, December 5-10, 2016,
               Barcelona, Spain},
  pages     = {4331--4339},
  year      = {2016},
}

@inproceedings{Joachims1999TSVM,
 author = {Joachims, Thorsten},
 title = {Transductive Inference for Text Classification Using Support Vector Machines},
 booktitle = {Proceedings of the Sixteenth International Conference on Machine Learning},
 year = {1999},
} 

@book{vapnik1998statistical,
  title={Statistical Learning Theory},
  author={Vapnik, V.N.},
  isbn={9788126528929},
  lccn={97037075},
  year={1998},
  publisher={Wiley}
}

@article{Fu2015TransductiveZSL,
  author    = {Yanwei Fu and
               Timothy M. Hospedales and
               Tao Xiang and
               Shaogang Gong},
  title     = {Transductive Multi-View Zero-Shot Learning},
  journal   = {{IEEE} Trans. Pattern Anal. Mach. Intell.},
  volume    = {37},
  number    = {11},
  pages     = {2332--2345},
  year      = {2015},
}