@inproceedings{li2015gated,
  author    = {Yujia Li and
               Daniel Tarlow and
               Marc Brockschmidt and
               Richard S. Zemel},
  title     = {Gated Graph Sequence Neural Networks},
  booktitle = {Proceedings of the 4th International Conference on Learning Representations ({ICLR})},
  year      = {2016},
}

@inproceedings{liao2018graph,
  author    = {Renjie Liao and
               Marc Brockschmidt and
               Daniel Tarlow and
               Alexander L. Gaunt and
               Raquel Urtasun and
               Richard S. Zemel},
  title     = {Graph Partition Neural Networks for Semi-Supervised Classification},
  booktitle = {ICLR Workshop},
  year      = {2018},
}

@article{elsken2018neural,
  author    = {Thomas Elsken and
               Jan Hendrik Metzen and
               Frank Hutter},
  title     = {Neural Architecture Search: {A} Survey},
  journal   = {arXiv preprint arXiv:1808.05377},
  year      = {2018}
}

@inproceedings{zoph2016neural,
  author    = {Barret Zoph and
               Quoc V. Le},
  title     = {Neural Architecture Search with Reinforcement Learning},
  booktitle = {Proceedings of the 5th International Conference on Learning Representations ({ICLR})},
  year      = {2017},
}

@inproceedings{baker2016designing,
  author    = {Bowen Baker and
               Otkrist Gupta and
               Nikhil Naik and
               Ramesh Raskar},
  title     = {Designing Neural Network Architectures using Reinforcement Learning},
  booktitle = {Proceedings of the 5th International Conference on Learning Representations ({ICLR})},
  year      = {2017},
}

@inproceedings{brock2017smash,
  title     = {SMASH: one-Shot Model Architecture Search through Hypernetworks},
  author    = {Brock, Andrew and Lim, Theodore and Ritchie, James M and Weston, Nick},
  booktitle = {Proceedings of the 6th International Conference on Learning Representations ({ICLR})},
  year      = {2018},
}

@inproceedings{real2017large,
  title     = {Large-Scale Evolution of Image Classifiers},
  author    = {Esteban Real and Sherry Moore and Andrew Selle and Saurabh Saxena and Yutaka Leon Suematsu and Jie Tan and Quoc V. Le and Alexey Kurakin},
  booktitle = {Proceedings of the 34th International Conference on Machine Learning},
  year      = {2017}
}

@article{real2018regularized,
  title     = {Regularized Evolution for Image Classifier Architecture Search},
  author    = {Real, Esteban and Aggarwal, Alok and Huang, Yanping and Le, Quoc V},
  journal   = {arXiv preprint arXiv:1802.01548},
  year      = {2018}
}

@inproceedings{liu2017progressive,
  title     = {Progressive Neural Architecture Search},
  author    = {Liu, Chenxi and Zoph, Barret and Shlens, Jonathon and Hua, Wei and Li, Li-Jia and Fei-Fei, Li and Yuille, Alan and Huang, Jonathan and Murphy, Kevin},
  booktitle = {European Conference on Computer Vision ({ECCV})},
  year      = {2018}
}

@inproceedings{pham2018efficient,
  title     = {Efficient Neural Architecture Search via Parameters Sharing},
  author    = {Pham, Hieu and Guan, Melody and Zoph, Barret and Le, Quoc and Dean, Jeff},
  booktitle = {Proceedings of the 35th International Conference on Machine Learning ({ICML})},
  year      = {2018},
}

@inproceedings{liu2017hierarchical,
  title     = {Hierarchical Representations for Efficient Architecture Search},
  author    = {Liu, Hanxiao and Simonyan, Karen and Vinyals, Oriol and Fernando, Chrisantha and Kavukcuoglu, Koray},
  booktitle = {Proceedings of the 6th International Conference on Learning Representations ({ICLR})},
  year      = {2018},
}

@article{liu2018darts,
  title     = {DARTS: Differentiable Architecture Search},
  author    = {Liu, Hanxiao and Simonyan, Karen and Yang, Yiming},
  journal   = {arXiv preprint arXiv:1806.09055},
  year      = {2018}
}

@inproceedings{bender2018understanding,
  title     = {Understanding and simplifying one-shot architecture search},
  author    = {Bender, Gabriel and Kindermans, Pieter-Jan and Zoph, Barret and Vasudevan, Vijay and Le, Quoc},
  booktitle = {Proceedings of the 35th International Conference on Machine Learning ({ICML})},
  year      = {2018}
}

@inproceedings{zoph2017learning,
  title     = {Learning Transferable Architectures for Scalable Image Recognition},
  author    = {Zoph, Barret and Vasudevan, Vijay and Shlens, Jonathon and Le, Quoc V},
  booktitle = {Proceedings of the IEEE Conference on Computer Vision and Pattern Recognition ({CVPR})},
  year      = {2018},
}

@inproceedings{ha2016hypernetworks,
  title     = {Hypernetworks},
  author    = {Ha, David and Dai, Andrew and Le, Quoc V},
  booktitle = {Proceedings of the 5th International Conference on Learning Representations ({ICLR})},
  year      = {2017},
}

@inproceedings{baker2017accelerating,
  title     = {Accelerating neural architecture search using performance prediction},
  author    = {Baker, Bowen and Gupta, Otkrist and Raskar, Ramesh and Naik, Nikhil},
  booktitle = {NIPS Workshop on Meta-Learning},
  year      = {2017},
}

@article{miikkulainen2017evolving,
  author    = {Risto Miikkulainen and
               Jason Zhi Liang and
               Elliot Meyerson and
               Aditya Rawal and
               Daniel Fink and
               Olivier Francon and
               Bala Raju and
               Hormoz Shahrzad and
               Arshak Navruzyan and
               Nigel Duffy and
               Babak Hodjat},
  title     = {Evolving Deep Neural Networks},
  journal   = {arXiv preprint arXiv:abs/1703.00548},
  year      = {2017}
}

@inproceedings{xie2017genetic,
  author    = {Lingxi Xie and
               Alan L. Yuille},
  title     = {Genetic {CNN}},
  booktitle = {{IEEE} International Conference on Computer Vision ({ICCV})},
  year      = {2017}
}

@article{tan2018mnasnet,
  title     = {MnasNet: Platform-Aware Neural Architecture Search for Mobile},
  author    = {Tan, Mingxing and Chen, Bo and Pang, Ruoming and Vasudevan, Vijay and Le, Quoc V},
  journal   = {arXiv preprint arXiv:1807.11626},
  year      = {2018}
}

@inproceedings{dong2018dpp,
  title     = {DPP-Net: Device-aware Progressive Search for Pareto-optimal Neural Architectures},
  author    = {Dong, Jin-Dong and Cheng, An-Chieh and Juan, Da-Cheng and Wei, Wei and Sun, Min},
  booktitle = {European Conference on Computer Vision ({ECCV})},
  year      = {2018},
}

@article{hsu2018monas,
  title     = {MONAS: Multi-Objective Neural Architecture Search using Reinforcement Learning},
  author    = {Hsu, Chi-Hung and Chang, Shu-Huan and Juan, Da-Cheng and Pan, Jia-Yu and Chen, Yu-Ting and Wei, Wei and Chang, Shih-Chieh},
  journal   = {arXiv preprint arXiv:1806.10332},
  year      = {2018}
}

@article{elsken2018multi,
  title     = {Multi-objective Architecture Search for CNNs},
  author    = {Elsken, Thomas and Metzen, Jan Hendrik and Hutter, Frank},
  journal   = {arXiv preprint arXiv:1804.09081},
  year      = {2018}
}

@article{zhou2018resource,
  title     = {Resource-Efficient Neural Architect},
  author    = {Zhou, Yanqi and Ebrahimi, Siavash and Ar{\i}k, Sercan {\"O} and Yu, Haonan and Liu, Hairong and Diamos, Greg},
  journal   = {arXiv preprint arXiv:1806.07912},
  year      = {2018}
}

@article{luo2018neural,
  title     = {Neural Architecture Optimization},
  author    = {Luo, Renqian and Tian, Fei and Qin, Tao and Liu, Tie-Yan},
  journal   = {arXiv preprint arXiv:1808.07233},
  year      = {2018}
}

@inproceedings{huang2017densely,
  title     = {Densely Connected Convolutional Networks},
  author    = {Huang, Gao and Liu, Zhuang and Van Der Maaten, Laurens and Weinberger, Kilian Q},
  booktitle = {Proceedings of the IEEE Conference on Computer Vision and Pattern Recognition ({CVPR})},
  year      = {2017}
}

@inproceedings{huang2017multi,
  title     = {Multi-scale Dense Networks for Resource Efficient Image Classification},
  author    = {Huang, Gao and Chen, Danlu and Li, Tianhong and Wu, Felix and van der Maaten, Laurens and Weinberger, Kilian Q},
  booktitle = {Proceedings of the 6th International Conference on Learning Representations ({ICLR})},
  year      = {2018}
}

@inproceedings{he2016resnet,
  author    = {Kaiming He and
               Xiangyu Zhang and
               Shaoqing Ren and
               Jian Sun},
  title     = {Deep Residual Learning for Image Recognition},
  booktitle = {Proceedings of the {IEEE} Conference on Computer Vision and Pattern Recognition ({CVPR})},
  year      = {2016}
}

@article{hochreiter97lstm,
  author    = {Sepp Hochreiter and
               J{\"{u}}rgen Schmidhuber},
  title     = {Long Short-Term Memory},
  journal   = {Neural Computation},
  volume    = {9},
  number    = {8},
  pages     = {1735--1780},
  year      = {1997},
}

@inproceedings{cho14gru,
  author    = {Kyunghyun Cho and
               Bart van Merrienboer and
               {\c{C}}aglar G{\"{u}}l{\c{c}}ehre and
               Dzmitry Bahdanau and
               Fethi Bougares and
               Holger Schwenk and
               Yoshua Bengio},
  title     = {Learning Phrase Representations using {RNN} Encoder-Decoder for Statistical
               Machine Translation},
  booktitle = {Proceedings of the 2014 Conference on Empirical Methods in Natural
               Language Processing ({EMNLP})},
  year      = {2014},
}

@article{ScarselliGTHM09,
  author    = {Franco Scarselli and
               Marco Gori and
               Ah Chung Tsoi and
               Markus Hagenbuchner and
               Gabriele Monfardini},
  title     = {The Graph Neural Network Model},
  journal   = {{IEEE} Trans. Neural Networks},
  volume    = {20},
  number    = {1},
  pages     = {61--80},
  year      = {2009},
}

@inproceedings{KipfW16,
  author    = {Thomas N. Kipf and
               Max Welling},
  title     = {Semi-Supervised Classification with Graph Convolutional Networks},
  booktitle = {Proceedings of the 5th International Conference on Learning Representations ({ICLR})},
  year      ={2017}
}

@article{devriescutout17,
  author    = {Terrance Devries and
               Graham W. Taylor},
  title     = {Improved Regularization of Convolutional Neural Networks with Cutout},
  journal   = {arXiv preprint arXiv:1708.04552},
  year      = {2017}
}
@article{Schmidhuber92Learning,
  author    = {J{\"{u}}rgen Schmidhuber},
  title     = {Learning to Control Fast-Weight Memories: An Alternative to Dynamic
               Recurrent Networks},
  journal   = {Neural Computation},
  volume    = {4},
  number    = {1},
  pages     = {131--139},
  year      = {1992},
}

@incollection{schmidhuber1993self,
  title     = {A ‘self-referential’weight matrix},
  author    = {Schmidhuber, J{\"u}rgen},
  booktitle = {International Conference on Artificial Neural Networks ({ICANN})},
  year      = {1993},
  publisher = {Springer}
}

@article{deng2017peephole,
  title     = {Peephole: Predicting network performance before training},
  author    = {Deng, Boyang and Yan, Junjie and Lin, Dahua},
  journal   = {arXiv preprint arXiv:1712.03351},
  year      = {2017}
}

@techreport{krizhevsky2009cifar,
  title     = {Learning multiple layers of features from tiny images},
  author    = {Krizhevsky, Alex and Hinton, Geoffrey},
  year      = {2009},
  institution={University of Toronto}
}

@article{russakovsky2015imagenet,
  title     = {Imagenet large scale visual recognition challenge},
  author    = {Russakovsky, Olga and Deng, Jia and Su, Hao and Krause, Jonathan and Satheesh, Sanjeev and Ma, Sean and Huang, Zhiheng and Karpathy, Andrej and Khosla, Aditya and Bernstein, Michael and others},
  journal   = {International Journal of Computer Vision},
  volume    = {115},
  number    = {3},
  pages     = {211--252},
  year      = {2015},
  publisher = {Springer}
}

@inproceedings{kingma2015adam,
  title     = {Adam: A method for stochastic optimization},
  author    = {Kingma, Diederik P and Ba, Jimmy},
  booktitle = {Proceedings of the 3rd International Conference on Learning Representations ({ICLR})},
  year      = {2015}
}
  
@inproceedings{grubb2012speedboost,
  author    = {Alexander Grubb and
               Drew Bagnell},
  title     = {SpeedBoost: Anytime Prediction with Uniform Near-Optimality},
  booktitle = {Proceedings of the 15th International Conference on Artificial
               Intelligence and Statistics ({AISTATS})},
  year      = {2012},
}

@inproceedings{he2016deep,
  title     = {Deep residual learning for image recognition},
  author    = {He, Kaiming and Zhang, Xiangyu and Ren, Shaoqing and Sun, Jian},
  booktitle = {Proceedings of the IEEE Conference on Computer Vision and Pattern Recognition ({CVPR})},
  year      = {2016}
}

@article{bptt,
  title     = {Backpropagation through time: what it does and how to do it},
  author    = {Werbos, Paul J},
  journal   = {Proceedings of the IEEE},
  volume    = {78},
  number    = {10},
  pages     = {1550--1560},
  year      = {1990},
  publisher = {IEEE}
}