@inproceedings{kohL17influence,
  author    = {Pang Wei Koh and
               Percy Liang},
  title     = {Understanding Black-box Predictions via Influence Functions},
  booktitle = {Proceedings of the 34th International Conference on Machine Learning, {ICML}},
  year      = {2017},
}

@article{sukhbaatar14convnoise,
  author    = {Sainbayar Sukhbaatar and
               Rob Fergus},
  title     = {Learning from Noisy Labels with Deep Neural Networks},
  journal   = {CoRR},
  volume    = {abs/1406.2080},
  year      = {2014},
}

@article{Reed2014,
  author    = {Scott E. Reed and
               Honglak Lee and
               Dragomir Anguelov and
               Christian Szegedy and
               Dumitru Erhan and
               Andrew Rabinovich},
  title     = {Training Deep Neural Networks on Noisy Labels with Bootstrapping},
  journal   = {CoRR},
  volume    = {abs/1412.6596},
  year      = {2014},
}

@article{jiang17mentornet,
  author    = {Lu Jiang and
               Zhengyuan Zhou and
               Thomas Leung and
               Li{-}Jia Li and
               Li Fei{-}Fei},
  title     = {MentorNet: Regularizing Very Deep Neural Networks on Corrupted Labels},
  journal   = {CoRR},
  volume    = {abs/1712.05055},
  year      = {2017},
}

@inproceedings{kumar10selfpaced,
  author    = {M. Pawan Kumar and
               Benjamin Packer and
               Daphne Koller},
  title     = {Self-Paced Learning for Latent Variable Models},
  booktitle = {Advances in Neural Information Processing Systems, {NIPS}},
  year      = {2010},
}

@inproceedings{goldberger17noise,
  author    = {Jacob Goldberger and Ehud Ben-Reuven},
  title     = {Training deep neural-networks using a noise adaptation layer},
  booktitle = {Proceedings of the 5th International Conference on Learning Representation, {ICLR}},
  year      = {2017}
}

@inproceedings{azadi16air,
  author    = {Samaneh Azadi and
               Jiashi Feng and
               Stefanie Jegelka and
               Trevor Darrell},
  title     = {Auxiliary Image Regularization for Deep CNNs with Noisy Labels},
  booktitle = {Proceedings of the 4th International Conference on Learning Representation, {ICLR}},
  year      = {2016}
}

@inproceedings{hardneg,
  author    = {Tomasz Malisiewicz and
               Abhinav Gupta and
               Alexei A. Efros},
  title     = {Ensemble of exemplar-SVMs for object detection and beyond},
  booktitle = {Proceedings of the {IEEE} International Conference on Computer Vision, {ICCV}},
  year      = {2011},
}

@article{adaboost,
  author    = {Yoav Freund and
               Robert E. Schapire},
  title     = {A Decision-Theoretic Generalization of On-Line Learning and an Application
               to Boosting},
  journal   = {J. Comput. Syst. Sci.},
  volume    = {55},
  number    = {1},
  pages     = {119--139},
  year      = {1997},
}

@inproceedings{li17noisydistill,
  author    = {Yuncheng Li and
               Jianchao Yang and
               Yale Song and
               Liangliang Cao and
               Jiebo Luo and
               Li{-}Jia Li},
  title     = {Learning from Noisy Labels with Distillation},
  booktitle = {Proceedings of the {IEEE} International Conference on Computer Vision, {ICCV}},
  year      = {2017},
}

@inproceedings{chang17activebias,
  author    = {Haw{-}Shiuan Chang and
               Erik G. Learned{-}Miller and
               Andrew McCallum},
  title     = {Active Bias: Training More Accurate Neural Networks by Emphasizing
               High Variance Samples},
  booktitle = {Advances in Neural Information Processing Systems, {NIPS}},
  year      = {2017},
}

@inproceedings{wang17reweight,
  author    = {Yixin Wang and
               Alp Kucukelbir and
               David M. Blei},
  title     = {Robust Probabilistic Modeling with Bayesian Data Reweighting},
  booktitle = {Proceedings of the 34th International Conference on Machine Learning, {ICML}},
  year      = {2017},
}

@inproceedings{xiao15noisy,
  author    = {Tong Xiao and
               Tian Xia and
               Yi Yang and
               Chang Huang and
               Xiaogang Wang},
  title     = {Learning from massive noisy labeled data for image classification},
  booktitle = {Proceedings of the {IEEE} Conference on Computer Vision and Pattern Recognition, {CVPR}},
  year      = {2015},
}

@inproceedings{jindal16dropout,
  author    = {Ishan Jindal and
               Matthew S. Nokleby and
               Xuewen Chen},
  title     = {Learning Deep Networks from Noisy Labels with Dropout Regularization},
  booktitle = {Proceedings of the International Conference on Data Mining, {ICDM}},
  year      = {2016}
}

@inproceedings{natarajan13noisy,
  author    = {Nagarajan Natarajan and
               Inderjit S. Dhillon and
               Pradeep Ravikumar and
               Ambuj Tewari},
  title     = {Learning with Noisy Labels},
  booktitle = {Advances in Neural Information Processing Systems, {NIPS}},
  year      = {2013},
}

@inproceedings{bengio09curriculum,
  author    = {Yoshua Bengio and
               J{\'{e}}r{\^{o}}me Louradour and
               Ronan Collobert and
               Jason Weston},
  title     = {Curriculum learning},
  booktitle = {Proceedings of the 26th Annual International Conference on Machine Learning, {ICML}},
  year      = {2009},
}

@inproceedings{datapoison,
  author    = {Luis Mu{\~{n}}oz{-}Gonz{\'{a}}lez and
               Battista Biggio and
               Ambra Demontis and
               Andrea Paudice and
               Vasin Wongrassamee and
               Emil C. Lupu and
               Fabio Roli},
  title     = {Towards Poisoning of Deep Learning Algorithms with Back-gradient Optimization},
  booktitle = {Proceedings of the 10th {ACM} Workshop on Artificial Intelligence and Security, AISec@CCS},
  year      = {2017},
}

@inproceedings{spcl,
  author    = {Lu Jiang and
               Deyu Meng and
               Qian Zhao and
               Shiguang Shan and
               Alexander G. Hauptmann},
  title     = {Self-Paced Curriculum Learning},
  booktitle = {Proceedings of the 29th {AAAI} Conference on Artificial Intelligence},
  year      = {2015},
}

@inproceedings{lmkl,
  author    = {Mehmet G{\"{o}}nen and
               Ethem Alpaydin},
  title     = {Localized multiple kernel learning},
  booktitle = {Proceedings of the 25th International Conference on Machine Learning, {ICML}},
  year      = {2008},
}

@inproceedings{cotraining_noisy,
  author    = {C. Mario Christoudias and
               Raquel Urtasun and
               Ashish Kapoor and
               Trevor Darrell},
  title     = {Co-training with noisy perceptual observations},
  booktitle = {Proceedings of the {IEEE} Conference on Computer Vision and Pattern Recognition, {CVPR}},
  year      = {2009},
}

@inproceedings{cotraining,
  author    = {Avrim Blum and
               Tom M. Mitchell},
  title     = {Combining Labeled and Unlabeled Data with Co-Training},
  booktitle = {Proceedings of the 11th Annual Conference on Computational Learning Theory, {COLT}},
  year      = {1998},
}

@article{lakemetalearn,
  author    = {Brenden M. Lake and 
               Tomer D. Ullman and 
               Joshua B. Tenenbaum and 
               Samuel J. Gershman},
  title     = {{B}uilding machines that learn and think like people},
  journal   = {Behav Brain Sci},
  year      = {2017},
  volume    = {40},
  pages     = {e253},
  month     = {Jan}
}

@book{metalearn,
  author    = {Sebastian Thrun and Lorien Pratt},
  title     = {Learning to Learn},
  publisher = {Springer},
  year      = {1998},
}

@inproceedings{l2l,
  author    = {Marcin Andrychowicz and
               Misha Denil and
               Sergio Gomez Colmenarejo and
               Matthew W. Hoffman and
               David Pfau and
               Tom Schaul and
               Nando de Freitas},
  title     = {Learning to learn by gradient descent by gradient descent},
  booktitle = {Advances in Neural Information Processing Systems, {NIPS}},
  year      = {2016},
}

@inproceedings{maml,
  author    = {Chelsea Finn and
               Pieter Abbeel and
               Sergey Levine},
  title     = {Model-Agnostic Meta-Learning for Fast Adaptation of Deep Networks},
  booktitle = {Proceedings of the 34th International Conference on Machine Learning, {ICML}},
  year      = {2017},
}

@inproceedings{dong17imbalance,
  author    = {Qi Dong and
               Shaogang Gong and
               Xiatian Zhu},
  title     = {Class Rectification Hard Mining for Imbalanced Deep Learning},
  booktitle = {Proceedings of the {IEEE} International Conference on Computer Vision, {ICCV}},
  year      = {2017},
}

@inproceedings{lmle,
  author    = {Chen Huang and
               Yining Li and
               Chen Change Loy and
               Xiaoou Tang},
  title     = {Learning Deep Representation for Imbalanced Classification},
  booktitle = {Proceedings of the {IEEE} Conference on Computer Vision and Pattern Recognition, {CVPR}},
  year      = {2016},
}

@inproceedings{spaco,
  author    = {Fan Ma and
               Deyu Meng and
               Qi Xie and
               Zina Li and
               Xuanyi Dong},
  title     = {Self-Paced Co-training},
  booktitle = {Proceedings of the 34th International Conference on Machine Learning, {ICML}},
  year      = {2017},
}

@article{smote,
  author    = {Nitesh V. Chawla and
               Kevin W. Bowyer and
               Lawrence O. Hall and
               W. Philip Kegelmeyer},
  title     = {{SMOTE:} Synthetic Minority Over-sampling Technique},
  journal   = {J. Artif. Intell. Res.},
  volume    = {16},
  pages     = {321--357},
  year      = {2002},
}

@inproceedings{costsensitive,
  author    = {Kai Ming Ting},
  title     = {A Comparative Study of Cost-Sensitive Boosting Algorithms},
  booktitle = {Proceedings of the 17th International Conference on Machine Learning, {ICML}},
  year      = {2000},
}

@article{costsensitivedeep,
  author    = {Salman Hameed Khan and
               Mohammed Bennamoun and
               Ferdous Ahmed Sohel and
               Roberto Togneri},
  title     = {Cost Sensitive Learning of Deep Feature Representations from Imbalanced Data},
  journal   = {CoRR},
  volume    = {abs/1508.03422},
  year      = {2015},
}

@inproceedings{ravi2017oneshot,
  author    = {Sachin Ravi and 
               Hugo Larochelle},
  title     = {Optimization as a Model for Few-Shot Learning},
  booktitle = {Proceedings of the 5th International Conference on Learning Representations, {ICLR}},
  year      = {2017},
}

@article{svm,
  author    = {Cortes, Corinna and Vapnik, Vladimir},
  title     = {Support-vector networks},
  journal   = "Machine Learning",
  year      = "1995",
  month     = "Sep",
  day       = "01",
  volume    = "20",
  number    = "3",
  issn      = "1573-0565",
}

@inproceedings{autocurriculum,
  author    = {Alex Graves and
               Marc G. Bellemare and
               Jacob Menick and
               R{\'{e}}mi Munos and
               Koray Kavukcuoglu},
  title     = {Automated Curriculum Learning for Neural Networks},
  booktitle = {Proceedings of the 34th International Conference on Machine Learning, {ICML}},
  year      = {2017},
}

@inproceedings{cityscapes,
  author    = {Marius Cordts and 
               Mohamed Omran and 
               Sebastian Ramos and
               Timo Rehfeld and 
               Markus Enzweiler and
               Rodrigo Benenson and 
               Uwe Franke and 
               Stefan Roth and 
               Bernt Schiele},
  title     = {The Cityscapes Dataset for Semantic Urban Scene Understanding},
  booktitle = {Proceedings of the IEEE Conference on Computer Vision and Pattern Recognition, {CVPR}},
  year      = {2016}
}

@article{ILSVRC15,
  author    = {Olga Russakovsky and 
               Jia Deng and 
               Hao Su and 
               Jonathan Krause and 
               Sanjeev Satheesh and 
               Sean Ma and 
               Zhiheng Huang and 
               Andrej Karpathy and 
               Aditya Khosla and 
               Michael Bernstein and 
               Alexander C. Berg and 
               Li Fei-Fei},
  title       = {{ImageNet Large Scale Visual Recognition Challenge}},
  year        = {2015},
  journal     = {International Journal of Computer Vision, {IJCV}},
  volume      = {115},
  number      = {3},
  pages       = {211-252}
}

@inproceedings{webly,
  author    = {Chen, Xinlei and Gupta, Abhinav},
  title     = {Webly Supervised Learning of Convolutional Networks},
  booktitle = {Proceedings of the 2015 IEEE International Conference on Computer Vision, {ICCV}},
  year      = {2015},
} 


@inproceedings{metafewshot,
  author    = {Mengye Ren and 
               Eleni Triantafillou and 
               Sachin Ravi and 
               Jake Snell and 
               Kevin Swersky and 
               Joshua B. Tenenbaum and 
               Hugo Larochelle and 
               Richard S. Zemel},
  title     = {Meta Learning for Few-Shot Semi-Supervised Classification},
  booktitle = {Proceedings of the 6th International Conference on Learning Representations, {ICLR}},
  year      = {2018}
}


@inproceedings{shorthorizon,
  author    = {Yuhuai Wu and 
               Mengye Ren and 
               Renjie Liao and 
               Roger B. Grosse},
  title     = {Understanding Short-Horizon Bias in Stochastic Meta-Optimization},
  booktitle = {Proceedings of the 6th International Conference on Learning Representations, {ICLR}},
  year      = {2018}
}

@inproceedings{rethink,
  author    = {Chiyuan Zhang and
               Samy Bengio and
               Moritz Hardt and
               Benjamin Recht and
               Oriol Vinyals},
  title     = {Understanding deep learning requires rethinking generalization},
  booktitle = {Proceedings of the 5th International Conference on Learning Representations, {ICLR}},
  year      = {2017}
}

@inproceedings{kitti,
  author    = {Andreas Geiger and
               Philip Lenz and
               Raquel Urtasun},
  title     = {Are we ready for autonomous driving? The {KITTI} vision benchmark
               suite},
  booktitle = {Proceedings of the {IEEE} Conference on Computer Vision and Pattern Recognition, {CVPR}},
  year      = {2012},
}
@article{voc,
  author    = {Mark Everingham and
               Luc J. Van Gool and
               Christopher K. I. Williams and
               John M. Winn and
               Andrew Zisserman},
  title     = {The Pascal Visual Object Classes {(VOC)} Challenge},
  journal   = {International Journal of Computer Vision},
  volume    = {88},
  number    = {2},
  pages     = {303--338},
  year      = {2010},
}
@inproceedings{focal,
  author    = {Tsung{-}Yi Lin and
               Priya Goyal and
               Ross B. Girshick and
               Kaiming He and
               Piotr Doll{\'{a}}r},
  title     = {Focal Loss for Dense Object Detection},
  booktitle = {Proceedings of the {IEEE} International Conference on Computer Vision, {ICCV}},
  year      = {2017},
}

@Article{noisytheory,
  author    = {Dana Angluin and 
               Philip Laird},
  title     = {Learning From Noisy Examples},
  journal   = {Machine Learning},
  year      = {1988},
  month     = {Apr},
  day       = {01},
  volume    = {2},
  number    = {4},
  pages     = {343--370},
  issn      = {1573-0565},
}

@inproceedings{wrn,
  author    = {Sergey Zagoruyko and
               Nikos Komodakis},
  title     = {Wide Residual Networks},
  booktitle = {Proceedings of the British Machine Vision Conference, {BMVC}},
  year      = {2016},
}

@inproceedings{resnet,
  author    = {Kaiming He and
               Xiangyu Zhang and
               Shaoqing Ren and
               Jian Sun},
  title     = {Deep Residual Learning for Image Recognition},
  booktitle = {Proceedings of the {IEEE} Conference on Computer Vision and Pattern Recognition, {CVPR}},
  year      = {2016},
}

@inproceedings{tensorflow,
  author    = {Mart{\'{\i}}n Abadi and
               Paul Barham and
               Jianmin Chen and
               Zhifeng Chen and
               Andy Davis and
               Jeffrey Dean and
               Matthieu Devin and
               Sanjay Ghemawat and
               Geoffrey Irving and
               Michael Isard and
               Manjunath Kudlur and
               Josh Levenberg and
               Rajat Monga and
               Sherry Moore and
               Derek Gordon Murray and
               Benoit Steiner and
               Paul A. Tucker and
               Vijay Vasudevan and
               Pete Warden and
               Martin Wicke and
               Yuan Yu and
               Xiaoqiang Zheng},
  title     = {TensorFlow: {A} System for Large-Scale Machine Learning},
  booktitle = {12th {USENIX} Symposium on Operating Systems Design and Implementation, {OSDI}},
  year      = {2016},
}

@book{robust,
  author    = {Rousseeuw, P. J. and Leroy, A. M.},
  title     = {Robust Regression and Outlier Detection},
  year      = {1987},
  isbn      = {0-471-85233-3},
  publisher = {John Wiley \& Sons, Inc.},
  address   = {New York, NY, USA},
} 

@inproceedings{svrg,
  author    = {Sashank J. Reddi and
               Ahmed Hefny and
               Suvrit Sra and
               Barnab{\'{a}}s P{\'{o}}czos and
               Alexander J. Smola},
  title     = {Stochastic Variance Reduction for Nonconvex Optimization},
  booktitle = {Proceedings of the 33rd International Conference on Machine Learning, {ICML}},
  year      = {2016}
}

@article{hpernet,
  author    = {Jonathan Lorraine and
               David Duvenaud},
  title     = {Stochastic Hyperparameter Optimization through Hypernetworks},
  journal   = {CoRR},
  volume    = {abs/1802.09419},
  year      = {2018}
}

@article{glc,
  author    = {Dan Hendrycks and 
               Mantas Mazeika and 
               Duncan Wilson and 
               Kevin Gimpel},
  title     = {Using Trusted Data to Train Deep Networks on Labels Corrupted by Severe Noise},
  journal   = {CoRR},
  volume    = {abs/1802.05300},
  year      = {2018}
}

@inproceedings{vahdat17crf,
  author    = {Arash Vahdat},
  title     = {Toward Robustness against Label Noise in Training Deep Discriminative
               Neural Networks},
  booktitle = {Advances in Neural Information Processing Systems, {NIPS}},
  year      = {2017},
}

@article{importantsample,
  author  = {Herman Kahn and
             Andy W. Marshall},
  title   = {Methods of Reducing Sample Size in Monte Carlo Computations},
  journal = {Journal of the Operations Research Society of America},
  volume  = {1},
  number  = {5},
  pages   = {263-278},
  year    = {1953}
}

@inproceedings{reed14noisy,
  author       = {Scott E. Reed and
                  Honglak Lee and
                  Dragomir Anguelov and
                  Christian Szegedy and
                  Dumitru Erhan and
                  Andrew Rabinovich},
  title        = {Training Deep Neural Networks on Noisy Labels with Bootstrapping},
  booktitle    = {3rd International Conference on Learning Representations, {ICLR}},
  year         = {2015}
}
