@article{van2019three,
  title={Three scenarios for continual learning},
  author={Van de Ven, Gido M and Tolias, Andreas S},
  journal={arXiv preprint arXiv:1904.07734},
  year={2019}
}

@inproceedings{deepcluster,
  author    = {Mathilde Caron and
               Piotr Bojanowski and
               Armand Joulin and
               Matthijs Douze},
  title     = {Deep Clustering for Unsupervised Learning of Visual Features},
  booktitle = {15th European Conference on Computer Vision, {ECCV}},
  year      = {2018}
}

@inproceedings{cactus,
  author    = {Kyle Hsu and
               Sergey Levine and
               Chelsea Finn},
  title     = {Unsupervised Learning via Meta-Learning},
  booktitle = {7th International Conference on Learning Representations, {ICLR}},
  year      = {2019}
}

@incollection{Bengio+chapter2007,
  author    = {Bengio, Yoshua and LeCun, Yann},
  booktitle = {Large Scale Kernel Machines},
  publisher = {MIT Press},
  title     = {Scaling Learning Algorithms Towards {AI}},
  year      = {2007}
}

@article{Hinton06,
  author    = {Hinton, Geoffrey E. and Osindero, Simon and Teh, Yee Whye},
  journal   = {Neural Computation},
  pages     = {1527--1554},
  title     = {A Fast Learning Algorithm for Deep Belief Nets},
  volume    = {18},
  year      = {2006}
}

@book{goodfellow2016deep,
  title     = {Deep learning},
  author    = {Goodfellow, Ian and Bengio, Yoshua and Courville, Aaron and Bengio, Yoshua},
  volume    = {1},
  year      = {2016},
  publisher = {MIT Press}
}

@article{fei2006one,
  title     = {One-shot learning of object categories},
  author    = {Fei-Fei, Li and Fergus, Rob and Perona, Pietro},
  journal   = {IEEE TPAMI},
  volume    = {28},
  number    = {4},
  pages     = {594--611},
  year      = {2006},
  publisher = {IEEE}
}

@inproceedings{ezzsl,
  author    = {Bernardino Romera{-}Paredes and
               Philip H. S. Torr},
  title     = {An embarrassingly simple approach to zero-shot learning},
  booktitle = {Proceedings of the 32nd International Conference on Machine Learning,
               {ICML}},
  year      = {2015}
}

@inproceedings{labelembed,
  author    = {Zeynep Akata and
               Florent Perronnin and
               Za{\"{\i}}d Harchaoui and
               Cordelia Schmid},
  title     = {Label-Embedding for Attribute-Based Classification},
  booktitle = {{IEEE} Conference on Computer Vision and Pattern Recognition, {CVPR}},
  year      = {2013}
}

@article{goodbadugly,
  author    = {Yongqin Xian and
               Christoph H. Lampert and
               Bernt Schiele and
               Zeynep Akata},
  title     = {Zero-Shot Learning - {A} Comprehensive Evaluation of the Good, the
               Bad and the Ugly},
  journal   = {{IEEE} Trans. Pattern Anal. Mach. Intell.},
  volume    = {41},
  number    = {9},
  pages     = {2251--2265},
  year      = {2019}
}

@inproceedings{descriptionzsl,
  author    = {Lei Jimmy Ba and
               Kevin Swersky and
               Sanja Fidler and
               Ruslan Salakhutdinov},
  title     = {Predicting Deep Zero-Shot Convolutional Neural Networks Using Textual
               Descriptions},
  booktitle = {{IEEE} International Conference on Computer Vision, {ICCV}},
  year      = {2015}
}

@inproceedings{evaluateoutput,
  author    = {Zeynep Akata and
               Scott E. Reed and
               Daniel Walter and
               Honglak Lee and
               Bernt Schiele},
  title     = {Evaluation of output embeddings for fine-grained image classification},
  booktitle = {{IEEE} Conference on Computer Vision and Pattern Recognition, {CVPR}},
  year      = {2015}
}

@inproceedings{metawithoutmem,
  author    = {Mingzhang Yin and
               George Tucker and
               Mingyuan Zhou and
               Sergey Levine and
               Chelsea Finn},
  title     = {Meta-Learning without Memorization},
  booktitle = {8th International Conference on Learning Representations, {ICLR}},
  year      = {2020}
}

@article{tversky1977features,
  address   = {US},
  author    = {Tversky, Amos},
  doi       = {10.1037/0033-295X.84.4.327},
  issn      = {19391471},
  journal   = {Psychological Review},
  keywords  = {psychology similarity toread},
  number    = 4,
  pages     = {327--352},
  publisher = {American Psychological Association},
  refid     = {1978-09287-001},
  timestamp = {2014-07-28T15:57:31.000+0200},
  title     = {Features of similarity},
  volume    = 84,
  year      = 1977
}

@inproceedings{pentina2014,
  author    = {Anastasia Pentina and
               Christoph H. Lampert},
  title     = {A PAC-Bayesian bound for Lifelong Learning},
  booktitle = {Proceedings of the 31th International Conference on Machine Learning, {ICML}},
  year      = {2014}
}

@article{lucas2020lb,
  author    = {James Lucas and
               Mengye Ren and
               Irene Kameni and
               Toniann Pitassi and
               Richard S. Zemel},
  title     = {Theoretical bounds on estimation error for meta-learning},
  booktitle = {10th International Conference on Learning Representations, {ICLR}},
  year      = {2021}
}

@article{ben2008notion,
  title     = {A notion of task relatedness yielding provable multiple-task learning guarantees},
  author    = {Ben-David, Shai and 
               Borbely, Reba Schuller},
  journal   = {Machine learning},
  volume    = {73},
  number    = {3},
  pages     = {273--287},
  year      = {2008},
  publisher = {Springer}
}

@InProceedings{bullins2019a,
  title     = {Generalize Across Tasks: Efficient Algorithms for Linear
 Representation Learning},
  author    = {Bullins, Brian and Hazan, Elad and Kalai, Adam and Livni, Roi},
  booktitle = {Proceedings of the 30th International Conference on Algorithmic Learning Theory, {ALT}},
  year      = {2019}
}

@inproceedings{matchingnet,
  author    = {Oriol Vinyals and
               Charles Blundell and
               Tim Lillicrap and
               Koray Kavukcuoglu and
               Daan Wierstra},
  title     = {Matching Networks for One Shot Learning},
  booktitle = {Advances in Neural Information Processing Systems 29, {NIPS}},
  year      = {2016},
}

@inproceedings{protonet,
  author    = {Jake Snell and 
               Kevin Swersky and 
               Richard S. Zemel},
  title     = {Prototypical Networks for Few-shot Learning},
  booktitle = {Advances in Neural Information Processing Systems 30, {NIPS}},
  year      = {2017},
}

@inproceedings{maml,
  author    = {Chelsea Finn and 
               Pieter Abbeel and 
               Sergey Levine},
  title     = {Model-Agnostic Meta-Learning for Fast Adaptation of Deep Networks},
  booktitle = {Proceedings of the 34th International Conference on Machine Learning, {ICML}},
  year      = {2017},
}

@inproceedings{metalstm,
  author    = {Sachin Ravi and 
               Hugo Larochelle},
  title     = {Optimization as a Model for Few-Shot Learning},
  booktitle = {Proceedings of the 5th International Conference on Learning Representations, {ICLR}},
  year      = {2017},
}

@inproceedings{koch2015siamese,
  author    = {Koch, Gregory and 
               Zemel, Richard and 
               Salakhutdinov, Ruslan},
  title     = {Siamese neural networks for one-shot image recognition},
  booktitle = {ICML Deep Learning Workshop},
  volume    = {2},
  year      = {2015}
}

@incollection{Thrun1998,
  author    = {Thrun, Sebastian},
  title     = {Lifelong learning algorithms},
  booktitle = {Learning to learn},
  pages     = {181--209},
  year      = {1998},
  publisher = {Springer}
}

@inproceedings{Hochreiter2001,
  author    = {Hochreiter, Sepp and 
               Younger, A Steven and 
               Conwell, Peter R},
  title     = {Learning to learn using gradient descent},
  booktitle = {International Conference on Artificial Neural Networks, {ICANN}},
  year      = {2001}
}

@inproceedings{gd2,
  author    = {Andrychowicz, Marcin and 
               Denil, Misha and 
               Gomez, Sergio and 
               Hoffman, Matthew W and 
               Pfau, David and 
               Schaul, Tom and 
               de Freitas, Nando},
  title     = {Learning to learn by gradient descent by gradient descent},
  booktitle = {Advances in Neural Information Processing Systems 29, {NIPS}},
  year      = {2016}
}

@inproceedings{triantafillou2019meta,
  title     = {Meta-dataset: A dataset of datasets for learning to learn from few examples},
  author    = {Triantafillou, Eleni and
               Zhu, Tyler and 
               Dumoulin, Vincent and 
               Lamblin, Pascal and 
               Xu, Kelvin and 
               Goroshin, Ross and 
               Gelada, Carles and 
               Swersky, Kevin and 
               Manzagol, Pierre-Antoine and 
               Larochelle, Hugo},
  booktitle = {8th International Conference on Learning Representations, {ICLR}},
  year      = {2020}
}

@inproceedings{finn2018probabilistic,
  author    = {Chelsea Finn and
               Kelvin Xu and
               Sergey Levine},
  title     = {Probabilistic Model-Agnostic Meta-Learning},
  booktitle = {Advances in Neural Information Processing Systems 31, {NeurIPS}},
  year      = {2018}
}

@inproceedings{kolesnikov2019revisiting,
  title     = {Revisiting self-supervised visual representation learning},
  author    = {Kolesnikov, Alexander and 
               Zhai, Xiaohua and 
               Beyer, Lucas},
  booktitle = {Proceedings of the IEEE conference on Computer Vision and Pattern Recognition, {CVPR}},
  pages     = {1920--1929},
  year      = {2019}
}

@article{simclrv2,
  title     = {Big Self-Supervised Models are Strong Semi-Supervised Learners},
  author    = {Chen, Ting and 
               Kornblith, Simon and 
               Swersky, Kevin and 
               Norouzi, Mohammad and 
               Hinton, Geoffrey},
  journal   = {arXiv preprint arXiv:2006.10029},
  year      = {2020}
}

@article{hinton2006reducing,
  title     = {Reducing the dimensionality of data with neural networks},
  author    = {Hinton, Geoffrey E and 
               Salakhutdinov, Ruslan R},
  journal   = {science},
  volume    = {313},
  number    = {5786},
  pages     = {504--507},
  year      = {2006},
  publisher = {American Association for the Advancement of Science}
}

@article{kingma2013auto,
  title     = {Auto-encoding variational bayes},
  author    = {Kingma, Diederik P and 
               Welling, Max},
  journal   = {arXiv preprint arXiv:1312.6114},
  year      = {2013}
}

@article{barrett2018measuring,
  title     = {Measuring abstract reasoning in neural networks},
  author    = {Barrett, David GT and 
               Hill, Felix and 
               Santoro, Adam and 
               Morcos, Ari S and 
               Lillicrap, Timothy},
  journal   = {arXiv preprint arXiv:1807.04225},
  year      = {2018}
}

@inproceedings{raven,
  author    = {Chi Zhang and
               Feng Gao and
               Baoxiong Jia and
               Yixin Zhu and
               Song{-}Chun Zhu},
  title     = {{RAVEN:} {A} Dataset for Relational and Analogical Visual REasoNing},
  booktitle = {{IEEE} Conference on Computer Vision and Pattern Recognition, {CVPR}},
  year      = {2019}
}

@article{belghazi2018mine,
  title     = {Mine: mutual information neural estimation},
  author    = {Belghazi, Mohamed Ishmael and 
               Baratin, Aristide and 
               Rajeswar, Sai and 
               Ozair, Sherjil and 
               Bengio, Yoshua and 
               Courville, Aaron and 
               Hjelm, R Devon},
  journal   = {arXiv preprint arXiv:1801.04062},
  year      = {2018}
}

@inproceedings{salakhutdinov2009deep,
  title     = {Deep boltzmann machines},
  author    = {Salakhutdinov, Ruslan and 
               Hinton, Geoffrey},
  booktitle = {Artificial intelligence and statistics},
  pages     = {448--455},
  year      = {2009}
}

@article{wang2019survey,
  title     = {A survey of zero-shot learning: Settings, methods, and applications},
  author    = {Wang, Wei and Zheng, Vincent W and Yu, Han and Miao, Chunyan},
  journal   = {ACM Transactions on Intelligent Systems and Technology, {TIST}},
  volume    = {10},
  number    = {2},
  pages     = {1--37},
  year      = {2019},
  publisher = {ACM New York, NY, USA}
}


@article{sun2019learning,
  title     = {Learning to Self-Train for Semi-Supervised Few-Shot Classification},
  author    = {Sun, Qianru and 
               Li, Xinzhe and 
               Liu, Yaoyao and 
               Zheng, Shibao and 
               Chua, Tat-Seng and 
               Schiele, Bernt},
  journal   = {arXiv preprint arXiv:1906.00562},
  year      = {2019}
}

@inproceedings{fewshotssl,
  author    = {Mengye Ren and 
              Eleni Triantafillou and 
              Sachin Ravi and 
              Jake Snell and 
              Kevin Swersky and 
              Joshua B. Tenenbaum and 
              Hugo Larochelle and 
              Richard S. Zemel},
  title     = {Meta-Learning for Semi-Supervised Few-Shot Classification},
  booktitle = {Proceedings of 6th International Conference on Learning Representations, {ICLR}},
  year      = {2018},
}
@inproceedings{resnet,
  author    = {Kaiming He and
               Xiangyu Zhang and
               Shaoqing Ren and
               Jian Sun},
  title     = {Deep Residual Learning for Image Recognition},
  booktitle = {Proceedings of the {IEEE} Conference on Computer Vision and Pattern Recognition, {CVPR}},
  year      = {2016},
}

@inproceedings{lake2011oneshot,
  author    = {Brenden M. Lake and
               Ruslan Salakhutdinov and
               Jason Gross and
               Joshua B. Tenenbaum},
  title     = {One shot learning of simple visual concepts},
  booktitle = {Proceedings of the 33th Annual Meeting of the Cognitive Science Society, {CogSci}},
  year      = {2011},
}

@inproceedings{relationnet,
  author    = {Flood Sung and
               Yongxin Yang and
               Li Zhang and
               Tao Xiang and
               Philip H. S. Torr and
               Timothy M. Hospedales},
  title     = {Learning to Compare: Relation Network for Few-Shot Learning},
  booktitle = {Proceedings of the IEEE Conference on Computer Vision and Pattern Recognition, {CVPR}},
  year      = {2018},
}



@inproceedings{closerlook,
  author    = {Wei{-}Yu Chen and
               Yen{-}Cheng Liu and
               Zsolt Kira and
               Yu{-}Chiang Frank Wang and
               Jia{-}Bin Huang},
  title     = {A Closer Look at Few-shot Classification},
  booktitle = {Proceedings of the 7th International Conference on Learning Representations, {ICLR}},
  year      = {2019}
}

@inproceedings{ren19incfewshot,
  author   = {Mengye Ren and
              Renjie Liao and
              Ethan Fetaya and
              Richard S. Zemel},
  title    = {Incremental Few-Shot Learning with Attention Attractor Networks},
  booktitle= {Advances in Neural Information Processing Systems 32, {NeurIPS}},
  year     = {2019},
}

@inproceedings{taskdriven,
  author    = {Senthil Purushwalkam and
               Maximilian Nickel and
               Abhinav Gupta and
               Marc'Aurelio Ranzato},
  title     = {Task-Driven Modular Networks for Zero-Shot Compositional Learning},
  booktitle = {{IEEE/CVF} International Conference on Computer Vision, {ICCV}},
  year      = {2019}
}

@article{taskaware,
  author    = {Xin Wang and
               Fisher Yu and
               Trevor Darrell and
               Joseph E. Gonzalez},
  title     = {Task-Aware Feature Generation for Zero-Shot Compositional Learning},
  journal   = {CoRR},
  volume    = {abs/1906.04854},
  year      = {2019}
}

@inproceedings{metaconcept,
  author    = {Chi Han and
               Jiayuan Mao and
               Chuang Gan and
               Josh Tenenbaum and
               Jiajun Wu},
  title     = {Visual Concept-Metaconcept Learning},
  booktitle = {Advances in Neural Information Processing Systems 32, {NeurIPS}},
  year      = {2019}
}

@inproceedings{unseencomposition,
  author    = {Muli Yang and
               Cheng Deng and
               Junchi Yan and
               Xianglong Liu and
               Dacheng Tao},
  title     = {Learning Unseen Concepts via Hierarchical Decomposition and Composition},
  booktitle = {{IEEE/CVF} Conference on Computer Vision and Pattern Recognition, {CVPR}},
  year      = {2020}
}

@inproceedings{zsl,
  author    = {Mark Palatucci and
               Dean Pomerleau and
               Geoffrey E. Hinton and
               Tom M. Mitchell},
  title     = {Zero-shot Learning with Semantic Output Codes},
  booktitle = {Advances in Neural Information Processing Systems 22, {NIPS}},
  year      = {2009}
}

@article{attributezsl,
  author    = {Christoph H. Lampert and
               Hannes Nickisch and
               Stefan Harmeling},
  title     = {Attribute-Based Classification for Zero-Shot Visual Object Categorization},
  journal   = {{IEEE} Trans. Pattern Anal. Mach. Intell.},
  volume    = {36},
  number    = {3},
  pages     = {453--465},
  year      = {2014}
}

@inproceedings{gzsl,
  author    = {Wei{-}Lun Chao and
               Soravit Changpinyo and
               Boqing Gong and
               Fei Sha},
  title     = {An Empirical Study and Analysis of Generalized Zero-Shot Learning
               for Object Recognition in the Wild},
  booktitle = {14th European Conference on Computer Vision, {ECCV}},
  year      = {2016},
}

@inproceedings{broadstudy,
  author    = {Yunhui Guo and
               Noel C. F. Codella and
               Leonid Karlinsky and
               John R. Smith and
               Tajana Rosing and
               Rog{\'{e}}rio Schmidt Feris},
  title     = {A Broader Study of Cross-Domain Few-Shot Learning},
  booktitle = {14th European Conference on Computer Vision, {ECCV}},
  year      = {2020}
}

@article{ocfsl,
  author    = {Mengye Ren and
               Michael L. Iuzzolino and
               Michael C. Mozer and
               Richard S. Zemel},
  title     = {Wandering Within a World: Online Contextualized Few-Shot Learning},
  journal   = {CoRR},
  volume    = {abs/2007.04546},
  year      = {2020}
}


@inproceedings{l2rw,
  author    = {Mengye Ren and
               Wenyuan Zeng and
               Bin Yang and
               Raquel Urtasun},
  title     = {Learning to Reweight Examples for Robust Deep Learning},
  booktitle = {Proceedings of the 35th International Conference on Machine Learning, {ICML}},
  year      = {2018}
}

@inproceedings{taskawarefsl,
  author    = {Xin Wang and
               Fisher Yu and
               Ruth Wang and
               Trevor Darrell and
               Joseph E. Gonzalez},
  title     = {TAFE-Net: Task-Aware Feature Embeddings for Low Shot Learning},
  booktitle = {{IEEE} Conference on Computer Vision and Pattern Recognition, {CVPR}},
  year      = {2019}
}

@inproceedings{tadam,
  author    = {Boris N. Oreshkin and
               Pau Rodr{\'{\i}}guez L{\'{o}}pez and
               Alexandre Lacoste},
  title     = {{TADAM:} Task dependent adaptive metric for improved few-shot learning},
  booktitle = {Advances in Neural Information Processing Systems 31, {NeurIPS}},
  year      = {2018}
}

@inproceedings{zappos,
  author    = {Aron Yu and
               Kristen Grauman},
  title     = {Fine-Grained Visual Comparisons with Local Learning},
  booktitle = {{IEEE} Conference on Computer Vision and Pattern Recognition, {CVPR}},
  year      = {2014}
}

@inproceedings{celeba,
  title     = {Deep Learning Face Attributes in the Wild},
  author    = {Liu, Ziwei and Luo, Ping and Wang, Xiaogang and Tang, Xiaoou},
  booktitle = {Proceedings of International Conference on Computer Vision, {ICCV}},
  year      = {2015} 
}

@article{cub,
  title     = {Caltech-UCSD birds 200},
  author    = {Welinder, Peter and 
               Branson, Steve and 
               Mita, Takeshi and 
               Wah, Catherine and 
               Schroff, Florian and 
               Belongie, Serge and 
               Perona, Pietro},
  year      = {2010},
  publisher = {California Institute of Technology}
}

@inproceedings{condsimnet,
  author    = {Andreas Veit and
               Serge J. Belongie and
               Theofanis Karaletsos},
  title     = {Conditional Similarity Networks},
  booktitle = {{IEEE} Conference on Computer Vision and Pattern Recognition, {CVPR}},
  year      = {2017}
}

@article{metriclearning,
  author    = {Brian Kulis},
  title     = {Metric Learning: {A} Survey},
  journal   = {Found. Trends Mach. Learn.},
  volume    = {5},
  number    = {4},
  pages     = {287--364},
  year      = {2013}
}

@inproceedings{learntorank,
  author    = {Tie{-}Yan Liu},
  title     = {Learning to rank for information retrieval},
  booktitle = {Proceeding of the 33rd International {ACM} {SIGIR} Conference on Research
               and Development in Information Retrieval, {SIGIR}},
  year      = {2010}
}

@book{aggarwal2016recommender,
  title     = {Recommender systems},
  author    = {Aggarwal, Charu C and others},
  volume    = {1},
  year      = {2016},
  publisher = {Springer}
}

@inproceedings{cnp,
  author    = {Marta Garnelo and
               Dan Rosenbaum and
               Christopher Maddison and
               Tiago Ramalho and
               David Saxton and
               Murray Shanahan and
               Yee Whye Teh and
               Danilo Jimenez Rezende and
               S. M. Ali Eslami},
  title     = {Conditional Neural Processes},
  booktitle = {Proceedings of the 35th International Conference on Machine Learning, {ICML}},
  year      = {2018}
}


@inproceedings{amit2018meta,
  author    = {Ron Amit and
               Ron Meir},
  editor    = {Jennifer G. Dy and
               Andreas Krause},
  title     = {Meta-Learning by Adjusting Priors Based on Extended PAC-Bayes Theory},
  booktitle = {Proceedings of the 35th International Conference on Machine Learning, {ICML}},
  year      = {2018}
}


@inproceedings{cavia,
  author    = {Luisa M. Zintgraf and
               Kyriacos Shiarlis and
               Vitaly Kurin and
               Katja Hofmann and
               Shimon Whiteson},
  title     = {Fast Context Adaptation via Meta-Learning},
  booktitle = {Proceedings of the 36th International Conference on Machine Learning, {ICML}},
  year      = {2019}
}

@inproceedings{leo,
  author    = {Andrei A. Rusu and
               Dushyant Rao and
               Jakub Sygnowski and
               Oriol Vinyals and
               Razvan Pascanu and
               Simon Osindero and
               Raia Hadsell},
  title     = {Meta-Learning with Latent Embedding Optimization},
  booktitle = {7th International Conference on Learning Representations, {ICLR}},
  year      = {2019}
}

@inproceedings{film,
  author    = {Ethan Perez and
               Florian Strub and
               Harm de Vries and
               Vincent Dumoulin and
               Aaron C. Courville},
  title     = {FiLM: Visual Reasoning with a General Conditioning Layer},
  booktitle = {Proceedings of the Thirty-Second {AAAI} Conference on Artificial Intelligence, {AAAI}},
  year      = {2018}
}

@inproceedings{modgrad,
  author    = {Christian Simon and
               Piotr Koniusz and
               Richard Nock and 
               Mehrtash Harandi},
  title     = {On Modulating the Gradient for Meta-Learning},
  booktitle = {16th European Conference on Computer Vision, {ECCV}},
  year      = {2020}
}

@inproceedings{facedisentangle,
  author    = {Yu Liu and
               Fangyin Wei and
               Jing Shao and
               Lu Sheng and
               Junjie Yan and
               Xiaogang Wang},
  title     = {Exploring Disentangled Feature Representation Beyond Face Identification},
  booktitle = {{IEEE} Conference on Computer Vision and Pattern Recognition, {CVPR}},
  year      = {2018}
}

@inproceedings{finegrainsim,
  author    = {Jiang Wang and
               Yang Song and
               Thomas Leung and
               Chuck Rosenberg and
               Jingbin Wang and
               James Philbin and
               Bo Chen and
               Ying Wu},
  title     = {Learning Fine-Grained Image Similarity with Deep Ranking},
  booktitle = {{IEEE} Conference on Computer Vision and Pattern Recognition,
               {CVPR}},
  year      = {2014}
}

@inproceedings{betavae,
  author    = {Irina Higgins and
               Lo{\"{\i}}c Matthey and
               Arka Pal and
               Christopher Burgess and
               Xavier Glorot and
               Matthew Botvinick and
               Shakir Mohamed and
               Alexander Lerchner},
  title     = {beta-VAE: Learning Basic Visual Concepts with a Constrained Variational
               Framework},
  booktitle = {5th International Conference on Learning Representations, {ICLR}},
  year      = {2017}
}

@article{simclr,
  author    = {Ting Chen and
               Simon Kornblith and
               Mohammad Norouzi and
               Geoffrey E. Hinton},
  title     = {A Simple Framework for Contrastive Learning of Visual Representations},
  journal   = {CoRR},
  volume    = {abs/2002.05709},
  year      = {2020}
}

@article{loco,
  author    = {Yuwen Xiong and
               Mengye Ren and
               Raquel Urtasun},
  title     = {LoCo: Local Contrastive Representation Learning},
  journal   = {CoRR},
  volume    = {abs/2008.01342},
  year      = {2020}
}

@article{cpc,
  author    = {A{\"{a}}ron van den Oord and
               Yazhe Li and
               Oriol Vinyals},
  title     = {Representation Learning with Contrastive Predictive Coding},
  journal   = {CoRR},
  volume    = {abs/1807.03748},
  year      = {2018}
}

@article{cmc,
  author    = {Yonglong Tian and
               Dilip Krishnan and
               Phillip Isola},
  title     = {Contrastive Multiview Coding},
  journal   = {CoRR},
  volume    = {abs/1906.05849},
  year      = {2019}
}

@article{rethinkingfewshot,
  author    = {Yonglong Tian and
               Yue Wang and
               Dilip Krishnan and
               Joshua B. Tenenbaum and
               Phillip Isola},
  title     = {Rethinking Few-Shot Image Classification: a Good Embedding Is All
               You Need?},
  journal   = {CoRR},
  volume    = {abs/2003.11539},
  year      = {2020}
}

@article{moco,
  author    = {Kaiming He and
               Haoqi Fan and
               Yuxin Wu and
               Saining Xie and
               Ross B. Girshick},
  title     = {Momentum Contrast for Unsupervised Visual Representation Learning},
  journal   = {CoRR},
  volume    = {abs/1911.05722},
  year      = {2019}
}

@inproceedings{infogan,
  author    = {Xi Chen and
               Yan Duan and
               Rein Houthooft and
               John Schulman and
               Ilya Sutskever and
               Pieter Abbeel},
  title     = {InfoGAN: Interpretable Representation Learning by Information Maximizing
               Generative Adversarial Nets},
  booktitle = {Advances in Neural Information Processing Systems 29, {NIPS}},
  year      = {2016}
}
@incollection{pazzani2007content,
  title     = {Content-based recommendation systems},
  author    = {Pazzani, Michael J and 
               Billsus, Daniel},
  booktitle = {The adaptive web},
  pages     = {325--341},
  year      = {2007},
  publisher = {Springer}
}

@inproceedings{sarwar2001item,
  title     = {Item-based collaborative filtering recommendation algorithms},
  author    = {Sarwar, Badrul and 
               Karypis, George and 
               Konstan, Joseph and 
               Riedl, John},
  booktitle = {Proceedings of the 10th international conference on World Wide Web},
  pages     = {285--295},
  year      = {2001}
}

@inproceedings{lam2008addressing,
  title     = {Addressing cold-start problem in recommendation systems},
  author    = {Lam, Xuan Nhat and 
               Vu, Thuc and 
               Le, Trong Duc and 
               Duong, Anh Duc},
  booktitle = {Proceedings of the 2nd international conference on Ubiquitous information management and communication},
  pages     = {208--211},
  year      = {2008}
}

@inproceedings{he2017neural,
  title     = {Neural collaborative filtering},
  author    = {He, Xiangnan and 
               Liao, Lizi and 
               Zhang, Hanwang and 
               Nie, Liqiang and 
               Hu, Xia and 
               Chua, Tat-Seng},
  booktitle = {Proceedings of the 26th international conference on world wide web},
  pages     = {173--182},
  year      = {2017}
}

@inproceedings{gope2017survey,
  title     = {A survey on solving cold start problem in recommender systems},
  author    = {Gope, Jyotirmoy and 
               Jain, Sanjay Kumar},
  booktitle = {2017 International Conference on Computing, Communication and Automation (ICCCA)},
  pages     = {133--138},
  year      = {2017},
  organization = {IEEE}
}

@misc{dong2020mamo,
  title     = {{MAMO}: Memory-Augmented Meta-Optimization for Cold-start Recommendation}, 
  author    = {Manqing Dong and 
               Feng Yuan and 
               Lina Yao and 
               Xiwei Xu and 
               Liming Zhu},
  year      = {2020},
  eprint    = {2007.03183},
  archivePrefix = {arXiv},
  primaryClass = {cs.IR}
}

@inproceedings{vartak2017meta,
  title     = {A meta-learning perspective on cold-start recommendations for items},
  author    = {Vartak, Manasi and 
               Thiagarajan, Arvind and 
               Miranda, Conrado and 
               Bratman, Jeshua and 
               Larochelle, Hugo},
  booktitle = {Advances in neural information processing systems, {NIPS}},
  year      = {2017}
}

@inproceedings{disentangle,
  author    = {Francesco Locatello and
               Stefan Bauer and
               Mario Lucic and
               Gunnar R{\"{a}}tsch and
               Sylvain Gelly and
               Bernhard Sch{\"{o}}lkopf and
               Olivier Bachem},
  title     = {Challenging Common Assumptions in the Unsupervised Learning of Disentangled
               Representations},
  booktitle = {Proceedings of the 36th International Conference on Machine Learning, {ICML}},
  year      = {2019}
}

@inproceedings{factorvae,
  author    = {Hyunjik Kim and
               Andriy Mnih},
  title     = {Disentangling by Factorising},
  booktitle = {Proceedings of the 35th International Conference on Machine Learning, {ICML}},
  year      = {2018}
}

@inproceedings{koren2008factorization,
  title     = {Factorization meets the neighborhood: a multifaceted collaborative filtering model},
  author    = {Koren, Yehuda},
  booktitle = {Proceedings of the 14th ACM SIGKDD international conference on Knowledge discovery and data mining, {KDD}},
  year      = {2008}
}

@article{ben2010theory,
  title     = {A theory of learning from different domains},
  author    = {Ben-David, Shai and
               Blitzer, John and 
               Crammer, Koby and 
               Kulesza, Alex and 
               Pereira, Fernando and 
               Vaughan, Jennifer Wortman},
  journal   = {Machine learning},
  volume    = {79},
  number    = {1-2},
  pages     = {151--175},
  year      = {2010},
  publisher = {Springer}
}

@article{baxter2000model,
  title     = {A model of inductive bias learning},
  author    = {Baxter, Jonathan},
  journal   = {Journal of artificial intelligence research},
  volume    = {12},
  pages     = {149--198},
  year      = {2000}
}

@article{maurer2009transfer,
  title     = {Transfer bounds for linear feature learning},
  author    = {Maurer, Andreas},
  journal   = {Machine learning},
  volume    = {75},
  number    = {3},
  pages     = {327--350},
  year      = {2009},
  publisher = {Springer}
}

@article{du2020few,
  title     = {Few-shot learning via learning the representation, provably},
  author    = {Du, Simon S and 
               Hu, Wei and 
               Kakade, Sham M and 
               Lee, Jason D and 
               Lei, Qi},
  journal   = {arXiv preprint arXiv:2002.09434},
  year      = {2020}
}

@article{hanneke2020no,
  title     = {A No-Free-Lunch Theorem for MultiTask Learning},
  author    = {Hanneke, Steve and 
               Kpotufe, Samory},
  journal   = {arXiv preprint arXiv:2006.15785},
  year      = {2020}
}

@article{lars,
  author    = {Yang You and
               Igor Gitman and
               Boris Ginsburg},
  title     = {Scaling {SGD} Batch Size to 32K for ImageNet Training},
  journal   = {CoRR},
  volume    = {abs/1708.03888},
  year      = {2017}
}

@article{protoclr,
  author    = {Carlos Medina and
               Arnout Devos and
               Matthias Grossglauser},
  title     = {Self-Supervised Prototypical Transfer Learning for Few-Shot Classification},
  journal   = {CoRR},
  volume    = {abs/2006.11325},
  year      = {2020}
}

@inproceedings{tafenet,
  author    = {Xin Wang and
               Fisher Yu and
               Ruth Wang and
               Trevor Darrell and
               Joseph E. Gonzalez},
  title     = {TAFE-Net: Task-Aware Feature Embeddings for Low Shot Learning},
  booktitle = {{IEEE} Conference on Computer Vision and Pattern Recognition, {CVPR}},
  year      = {2019}
}

@inproceedings{anil,
  author    = {Aniruddh Raghu and
               Maithra Raghu and
               Samy Bengio and
               Oriol Vinyals},
  title     = {Rapid Learning or Feature Reuse? Towards Understanding the Effectiveness
               of {MAML}},
  booktitle = {8th International Conference on Learning Representations, {ICLR}},
  year      = {2020}
}

@inproceedings{czsl,
  author    = {Ishan Misra and
               Abhinav Gupta and
               Martial Hebert},
  title     = {From Red Wine to Red Tomato: Composition with Context},
  booktitle = {{IEEE} Conference on Computer Vision and Pattern Recognition, {CVPR}},
  year      = {2017}
}

@inproceedings{cam,
  author    = {Bolei Zhou and
               Aditya Khosla and
               {\`{A}}gata Lapedriza and
               Aude Oliva and
               Antonio Torralba},
  title     = {Learning Deep Features for Discriminative Localization},
  booktitle = {{IEEE} Conference on Computer Vision and Pattern Recognition, {CVPR}},
  year      = {2016}
}

@inproceedings{bilevel,
  author    = {Luca Franceschi and
               Paolo Frasconi and
               Saverio Salzo and
               Riccardo Grazzi and
               Massimiliano Pontil},
  title     = {Bilevel Programming for Hyperparameter Optimization and Meta-Learning},
  booktitle = {Proceedings of the 35th International Conference on Machine Learning, {ICML}},
  year      = {2018}
}

@inproceedings{dyncond,
  author    = {Fang Zhao and
               Jian Zhao and
               Shuicheng Yan and
               Jiashi Feng},
  title     = {Dynamic Conditional Networks for Few-Shot Learning},
  booktitle = {15th European Conference on Computer Vision, {ECCV}},
  year      = {2018}
}

@inproceedings{typeaware,
  author    = {Mariya I. Vasileva and
               Bryan A. Plummer and
               Krishna Dusad and
               Shreya Rajpal and
               Ranjitha Kumar and
               David A. Forsyth},
  title     = {Learning Type-Aware Embeddings for Fashion Compatibility},
  booktitle = {15th European Conference on Computer Vision, {ECCV}},
  year      = {2018}
}

@inproceedings{tapnet,
  author    = {Sung Whan Yoon and
               Jun Seo and
               Jaekyun Moon},
  title     = {TapNet: Neural Network Augmented with Task-Adaptive Projection for
               Few-Shot Learning},
  booktitle = {Proceedings of the 36th International Conference on Machine Learning, {ICML}},
  year      = {2019}
}

@article{defining,
  author    = {Antreas Antoniou and
               Massimiliano Patacchiola and
               Mateusz Ochal and
               Amos J. Storkey},
  title     = {Defining Benchmarks for Continual Few-Shot Learning},
  journal   = {CoRR},
  volume    = {abs/2004.11967},
  year      = {2020}
}

@inproceedings{lwof,
  author    = {Spyros Gidaris and
               Nikos Komodakis},
  title     = {Dynamic Few-Shot Visual Learning Without Forgetting},
  booktitle = {{IEEE} Conference on Computer Vision and Pattern Recognition, {CVPR}},
  year      = {2018}
}

@inproceedings{visualcompat,
  author    = {Guillem Cucurull and
               Perouz Taslakian and
               David V{\'{a}}zquez},
  title     = {Context-Aware Visual Compatibility Prediction},
  booktitle = {{IEEE} Conference on Computer Vision and Pattern Recognition, {CVPR}},
  year      = {2019}
}

@inproceedings{simcondwosup,
  author    = {Reuben Tan and
               Mariya I. Vasileva and
               Kate Saenko and
               Bryan A. Plummer},
  title     = {Learning Similarity Conditions Without Explicit Supervision},
  booktitle = {{IEEE/CVF} International Conference on Computer Vision, {ICCV}},
  year      = {2019}
}

@inproceedings{contextembednet,
  author    = {Kun Ho Kim and
               Oisin Mac Aodha and
               Pietro Perona},
  title     = {Context Embedding Networks},
  booktitle = {{IEEE} Conference on Computer Vision and Pattern Recognition, {CVPR}},
  year      = {2018}
}

@article{contextvissim,
  author    = {Xiaofang Wang and
               Kris M. Kitani and
               Martial Hebert},
  title     = {Contextual Visual Similarity},
  journal   = {CoRR},
  volume    = {abs/1612.02534},
  year      = {2016}
}

@inproceedings{deng2009imagenet,
  title     = {Imagenet: A large-scale hierarchical image database},
  author    = {Deng, Jia and 
               Dong, Wei and 
               Socher, Richard and 
               Li, Li-Jia and 
               Li, Kai and 
               Fei-Fei, Li},
  booktitle = {IEEE Conference on Computer Vision and Pattern Recognition, {CVPR}},
  year      = {2009}
}

@inproceedings{farhadi2009describe,
  author    = {Ali Farhadi and
               Ian Endres and
               Derek Hoiem and
               David A. Forsyth},
  title     = {Describing objects by their attributes},
  booktitle = {IEEE Conference on Computer Vision and Pattern Recognition, {CVPR}},
  year      = {2009}
}

@inproceedings{wang2010discriminative,
  author    = {Yang Wang and
               Greg Mori},
  title     = {A Discriminative Latent Model of Object Classes and Attributes},
  booktitle = {11th European Conference on Computer Vision, {ECCV}},
  year      = {2010}
}

@inproceedings{koh2020concept,
  author    = {Pang Wei Koh and
               Thao Nguyen and
               Yew Siang Tang and
               Stephen Mussmann and
               Emma Pierson and
               Been Kim and
               Percy Liang},
  title     = {Concept Bottleneck Models},
  booktitle = {Proceedings of the 37th International Conference on Machine Learning, {ICML}},
  year      = {2020}
}

@inproceedings{ferrari2007attribute,
  author    = {Vittorio Ferrari and
               Andrew Zisserman},
  title     = {Learning Visual Attributes},
  booktitle = {Advances in Neural Information Processing Systems 20, {NIPS}},
  year      = {2007}
}

@inproceedings{farhadi2010attribute,
  author    = {Ali Farhadi and
               Ian Endres and
               Derek Hoiem},
  title     = {Attribute-centric recognition for cross-category generalization},
  booktitle = {{IEEE} Conference on Computer Vision and Pattern Recognition, {CVPR}},
  year      = {2010}
}

@inproceedings{escorcia2015relationship,
  author    = {Victor Escorcia and
               Juan Carlos Niebles and
               Bernard Ghanem},
  title     = {On the relationship between visual attributes and convolutional networks},
  booktitle = {{IEEE} Conference on Computer Vision and Pattern Recognition {CVPR}},
  year      = {2015}
}

@article{roschmervis1975family,
  title     = {Family resemblances: Studies in the internal structure of categories},
  author    = {Rosch, Eleanor and Mervis, Carolyn B},
  journal   = {Cognitive psychology},
  volume    = {7},
  number    = {4},
  pages     = {573--605},
  year      = {1975},
  publisher = {Elsevier}
}

@article{medin1978context,
  title     = {Context theory of classification learning.},
  author    = {Medin, Douglas L and Schaffer, Marguerite M},
  journal   = {Psychological review},
  volume    = {85},
  number    = {3},
  pages     = {207},
  year      = {1978},
  publisher = {American Psychological Association}
}

@article{bernardi2020geometry,
  title     = {The Geometry of Abstraction in the Hippocampus and Prefrontal Cortex},
  journal   = {Cell},
  volume    = {183},
  number    = {4},
  pages     = {954-967.e21},
  year      = {2020},
  issn      = {0092-8674},
  doi       = {https://doi.org/10.1016/j.cell.2020.09.031},
  author    = {Silvia Bernardi and 
               Marcus K. Benna and 
               Mattia Rigotti and 
               Jérôme Munuera and 
               Stefano Fusi and 
               C. Daniel Salzman},
}

@inproceedings{pham2021attribute,
  author    = {Khoi Pham and
               Kushal Kafle and
               Zhe Lin and
               Zhihong Ding and
               Scott Cohen and
               Quan Tran and
               Abhinav Shrivastava},
  title     = {Learning To Predict Visual Attributes in the Wild},
  booktitle = {{IEEE} Conference on Computer Vision and Pattern Recognition, {CVPR}},
  year      = {2021}
}

@inproceedings{patterson2016coco,
  author    = {Genevieve Patterson and
               James Hays},
  editor    = {Bastian Leibe and
               Jiri Matas and
               Nicu Sebe and
               Max Welling},
  title     = {{COCO} Attributes: Attributes for People, Animals, and Objects},
  booktitle = {14th European Conference Computer Vision, {ECCV}},
  year      = {2016}
}

@article{rigotti2010internal,
  title     = {Internal representation of task rules by recurrent dynamics: the importance of the diversity of neural responses},
  author    = {Rigotti, Mattia and 
               Ben Dayan Rubin, Daniel D and 
               Wang, Xiao-Jing and 
               Fusi, Stefano},
  journal   = {Frontiers in computational neuroscience},
  volume    = {4},
  pages     = {24},
  year      = {2010},
  publisher = {Frontiers}
}

@article{arnold2021embedding,
  author    = {S{\'{e}}bastien M. R. Arnold and
               Fei Sha},
  title     = {Embedding Adaptation is Still Needed for Few-Shot Learning},
  journal   = {CoRR},
  volume    = {abs/2104.07255},
  year      = {2021}
}

@inproceedings{alfassy2019laso,
  author    = {Amit Alfassy and
               Leonid Karlinsky and
               Amit Aides and
               Joseph Shtok and
               Sivan Harary and
               Rog{\'{e}}rio Schmidt Feris and
               Raja Giryes and
               Alexander M. Bronstein},
  title     = {LaSO: Label-Set Operations Networks for Multi-Label Few-Shot Learning},
  booktitle = {{IEEE} Conference on Computer Vision and Pattern Recognition, {CVPR}},
  year      = {2019}
}

@inproceedings{li2021compositional,
  author    = {Zeqian Li and
               Michael Mozer and
               Jacob Whitehill},
  title     = {Compositional Embeddings for Multi-Label One-Shot Learning},
  booktitle = {{IEEE} Winter Conference on Applications of Computer Vision, {WACV}},
  year      = {2021}
}

@article{sariyildiz2021,
  author    = {Mert B{\"{u}}lent Sariyildiz and
               Yannis Kalantidis and
               Diane Larlus and
               Karteek Alahari},
  title     = {Concept Generalization in Visual Representation Learning},
  booktitle = {{IEEE} International Conference on Computer Vision, {ICCV}},
  year      = {2021}
}


@inproceedings{xiang2019incremental,
  author    = {Liuyu Xiang and
               Xiaoming Jin and
               Guiguang Ding and
               Jungong Han and
               Leida Li},
  title     = {Incremental Few-Shot Learning for Pedestrian Attribute Recognition},
  booktitle = {Proceedings of the Twenty-Eighth International Joint Conference on
               Artificial Intelligence, {IJCAI}},
  year      = {2019}
}

@inproceedings{tokmakov2019learning,
  author    = {Pavel Tokmakov and
               Yu{-}Xiong Wang and
               Martial Hebert},
  title     = {Learning Compositional Representations for Few-Shot Recognition},
  booktitle = {2019 {IEEE/CVF} International Conference on Computer Vision, {ICCV}
               2019, Seoul, Korea (South), October 27 - November 2, 2019},
  pages     = {6371--6380},
  publisher = {{IEEE}},
  year      = {2019},
  url       = {https://doi.org/10.1109/ICCV.2019.00647},
  doi       = {10.1109/ICCV.2019.00647},
  timestamp = {Thu, 05 Mar 2020 13:43:22 +0100},
  biburl    = {https://dblp.org/rec/conf/iccv/TokmakovWH19.bib},
  bibsource = {dblp computer science bibliography, https://dblp.org}
}

