@inproceedings{nmp,
  author    = {Wenyuan Zeng and
               Wenjie Luo and
               Simon Suo and
               Abbas Sadat and
               Bin Yang and
               Sergio Casas and
               Raquel Urtasun},
  title     = {End-To-End Interpretable Neural Motion Planner},
  booktitle = {CVPR},
  year      = {2019}
}

@inproceedings{sbnet,
  author    = {Mengye Ren and
               Andrei Pokrovsky and
               Bin Yang and
               Raquel Urtasun},
  title     = {{SBNet}: Sparse Blocks Network for Fast Inference},
  booktitle = {CVPR},
  year      = {2018}
}

@inproceedings{resattn,
  author    = {Fei Wang and
               Mengqing Jiang and
               Chen Qian and
               Shuo Yang and
               Cheng Li and
               Honggang Zhang and
               Xiaogang Wang and
               Xiaoou Tang},
  title     = {Residual Attention Network for Image Classification},
  booktitle = {CVPR},
  year      = {2017}
}

@inproceedings{showattendtell,
  author    = {Kelvin Xu and
               Jimmy Ba and
               Ryan Kiros and
               Kyunghyun Cho and
               Aaron C. Courville and
               Ruslan Salakhutdinov and
               Richard S. Zemel and
               Yoshua Bengio},
  title     = {Show, Attend and Tell: Neural Image Caption Generation with Visual
               Attention},
  booktitle = {ICML},
  year      = {2015}
}

@inproceedings{learn2payattn,
  author    = {Saumya Jetley and
               Nicholas A. Lord and
               Namhoon Lee and
               Philip H. S. Torr},
  title     = {Learn to Pay Attention},
  booktitle = {ICLR},
  year      = {2018}
}

@inproceedings{gumbel,
  author    = {Eric Jang and
               Shixiang Gu and
               Ben Poole},
  title     = {Categorical Reparameterization with Gumbel-Softmax},
  booktitle = {ICLR},
  year      = {2017}
}

@inproceedings{concrete,
  author    = {Chris J. Maddison and
               Andriy Mnih and
               Yee Whye Teh},
  title     = {The Concrete Distribution: {A} Continuous Relaxation of Discrete Random
               Variables},
  booktitle = {ICLR},
  year      = {2017}
}

@inproceedings{batchshaping,
  author    = {Babak Ehteshami Bejnordi and
  			   Tijmen Blankevoort and
  			   Max Welling},
  title     = {Batch-Shaping for Learning Conditional Channel Gated Networks},
  booktitle = {ICLR},
  year      = {2020}
}

@inproceedings{adam,
  author    = {Diederik P. Kingma and
               Jimmy Ba},
  title     = {Adam: {A} Method for Stochastic Optimization},
  booktitle = {ICLR},
  year      = {2015}
}

@inproceedings{contfuse,
  author    = {Ming Liang and
               Bin Yang and
               Shenlong Wang and
               Raquel Urtasun},
  title     = {Deep Continuous Fusion for Multi-sensor 3D Object Detection},
  booktitle = {ECCV},
  year      = {2018}
}

@inproceedings{unet,
  author    = {Olaf Ronneberger and
               Philipp Fischer and
               Thomas Brox},
  title     = {{U-Net}: Convolutional Networks for Biomedical Image Segmentation},
  booktitle = {MICCAI},
  year      = {2015}
}

@inproceedings{transformer,
  author    = {Ashish Vaswani and
               Noam Shazeer and
               Niki Parmar and
               Jakob Uszkoreit and
               Llion Jones and
               Aidan N. Gomez and
               Lukasz Kaiser and
               Illia Polosukhin},
  title     = {Attention is All you Need},
  booktitle = {NIPS},
  year      = {2017}
}

@inproceedings{saliency,
  author    = {Karen Simonyan and
               Andrea Vedaldi and
               Andrew Zisserman},
  title     = {Deep Inside Convolutional Networks: Visualising Image Classification
               Models and Saliency Maps},
  booktitle = {ICLR},
  year      = {2014}
}

@article{reinforce,
  author    = {Ronald J. Williams},
  title     = {Simple Statistical Gradient-Following Algorithms for Connectionist
               Reinforcement Learning},
  journal   = {Machine Learning},
  volume    = {8},
  pages     = {229--256},
  year      = {1992}
}

@inproceedings{visattend,
  author    = {Jimmy Ba and
               Volodymyr Mnih and
               Koray Kavukcuoglu},
  title     = {Multiple Object Recognition with Visual Attention},
  booktitle = {ICLR},
  year      = {2015}
}

@inproceedings{resnet,
  author    = {Kaiming He and
               Xiangyu Zhang and
               Shaoqing Ren and
               Jian Sun},
  title     = {Deep Residual Learning for Image Recognition},
  booktitle = {CVPR},
  year      = {2016}
}

@inproceedings{netslim,
  author    = {Zhuang Liu and
               Jianguo Li and
               Zhiqiang Shen and
               Gao Huang and
               Shoumeng Yan and
               Changshui Zhang},
  title     = {Learning Efficient Convolutional Networks through Network Slimming},
  booktitle = {ICCV},
  year      = {2017}
}

@inproceedings{sparsecnn,
  author    = {Baoyuan Liu and
               Min Wang and
               Hassan Foroosh and
               Marshall F. Tappen and
               Marianna Pensky},
  title     = {Sparse Convolutional Neural Networks},
  booktitle = {CVPR},
  year      = {2015}
}

@article{ste,
  author    = {Yoshua Bengio and
               Nicholas L{\'{e}}onard and
               Aaron C. Courville},
  title     = {Estimating or Propagating Gradients Through Stochastic Neurons for
               Conditional Computation},
  journal   = {CoRR},
  volume    = {abs/1308.3432},
  year      = {2013}
}

@inproceedings{prioritize,
  author    = {Khaled S. Refaat and
               Kai Ding and
               Natalia Ponomareva and
               St{\'{e}}phane Ross},
  title     = {Agent Prioritization for Autonomous Navigation},
  booktitle = {IROS},
  year      = {2019}
}

@inproceedings{l2rw,
  author    = {Mengye Ren and
               Wenyuan Zeng and
               Bin Yang and
               Raquel Urtasun},
  title     = {Learning to Reweight Examples for Robust Deep Learning},
  booktitle = {ICML},
  year      = {2018}
}

@inproceedings{submanifold,
  author    = {Benjamin Graham and
               Martin Engelcke and
               Laurens van der Maaten},
  title     = {3D Semantic Segmentation With Submanifold Sparse Convolutional Networks},
  booktitle = {CVPR},
  year      = {2018}
}

@inproceedings{adaptivecomp,
  author    = {Michael Figurnov and
               Maxwell D. Collins and
               Yukun Zhu and
               Li Zhang and
               Jonathan Huang and
               Dmitry P. Vetrov and
               Ruslan Salakhutdinov},
  title     = {Spatially Adaptive Computation Time for Residual Networks},
  booktitle = {CVPR},
  year      = {2017}
}

@inproceedings{hardneg,
  author    = {Tomasz Malisiewicz and
               Abhinav Gupta and
               Alexei A. Efros},
  title     = {Ensemble of exemplar-SVMs for object detection and beyond},
  booktitle = {ICCV},
  year      = {2011},
}

@inproceedings{e2emtl,
  author    = {Shikun Liu and
               Edward Johns and
               Andrew J. Davison},
  title     = {End-To-End Multi-Task Learning With Attention},
  booktitle = {CVPR},
  year      = {2019}
}

@inproceedings{mtluncertain,
  author    = {Alex Kendall and
               Yarin Gal and
               Roberto Cipolla},
  title     = {Multi-Task Learning Using Uncertainty to Weigh Losses for Scene Geometry
               and Semantics},
  booktitle = {CVPR},
  year      = {2018}
}

@inproceedings{dynamicprioritize,
  author    = {Michelle Guo and
               Albert Haque and
               De{-}An Huang and
               Serena Yeung and
               Li Fei{-}Fei},
  title     = {Dynamic Task Prioritization for Multitask Learning},
  booktitle = {ECCV},
  year      = {2018}
}

@inproceedings{adaptiveweight,
  author    = {Xingyu Lin and
               Harjatin Singh Baweja and
               George Kantor and
               David Held},
  title     = {Adaptive Auxiliary Task Weighting for Reinforcement Learning},
  booktitle = {NeurIPS},
  year      = {2019}
}

@inproceedings{gradnorm,
  author    = {Zhao Chen and
               Vijay Badrinarayanan and
               Chen{-}Yu Lee and
               Andrew Rabinovich},
  title     = {{GradNorm}: Gradient Normalization for Adaptive Loss Balancing in Deep
               Multitask Networks},
  booktitle = {ICML},
  year      = {2018}
}

@inproceedings{recattend,
  author    = {Mengye Ren and
               Richard S. Zemel},
  title     = {End-to-End Instance Segmentation with Recurrent Attention},
  booktitle = {CVPR},
  year      = {2017}
}

@inproceedings{perforatedcnn,
  author    = {Mikhail Figurnov and
               Aizhan Ibraimova and
               Dmitry P. Vetrov and
               Pushmeet Kohli},
  title     = {PerforatedCNNs: Acceleration through Elimination of Redundant Convolutions},
  booktitle = {NIPS},
  year      = {2016},
}

@inproceedings{nopixelequal,
  author    = {Xiaoxiao Li and
               Ziwei Liu and
               Ping Luo and
               Chen Change Loy and
               Xiaoou Tang},
  title     = {Not All Pixels Are Equal: Difficulty-aware Semantic Segmentation via
               Deep Layer Cascade},
  booktitle = {CVPR},
  year      = {2017},
}

@inproceedings{importanceaware,
  author    = {Bi{-}ke Chen and
               Chen Gong and
               Jian Yang},
  title     = {Importance-Aware Semantic Segmentation for Autonomous Driving System},
  booktitle = {IJCAI},
  year      = {2017},
}

@article{formalsafety,
  author    = {Shai Shalev{-}Shwartz and
               Shaked Shammah and
               Amnon Shashua},
  title     = {On a Formal Model of Safe and Scalable Self-driving Cars},
  journal   = {CoRR},
  volume    = {abs/1708.06374},
  year      = {2017}
}

@inproceedings{jointplt,
  author    = {Abbas Sadat and
               Mengye Ren and
               Andrei Pokrovsky and
               Yen{-}Chen Lin and
               Ersin Yumer and
               Raquel Urtasun},
  title     = {Jointly Learnable Behavior and Trajectory Planning for Self-Driving
               Vehicles},
  booktitle = {IROS},
  year      = {2019}
}

@inproceedings{failsafe,
  author    = {Christian Pek and
               Matthias Althoff},
  title     = {Computationally Efficient Fail-safe Trajectory Planning for Self-driving
               Vehicles Using Convex Optimization},
  booktitle = {ITSC},
  year      = {2018}
}

@inproceedings{setsafety,
  author    = {Piotr Franciszek Orzechowski and
               Annika Meyer and
               Martin Lauer},
  title     = {Tackling Occlusions {\&} Limited Sensor Range with Set-based Safety
               Verification},
  booktitle = {ITSC},
  year      = {2018}
}

@inproceedings{combinatorialsafe,
  author    = {{\"{O}}mer Sahin Tas and
               Felix Hauser and
               Christoph Stiller},
  title     = {Decision- Time Postponing Motion Planning for Combinatorial Uncertain
               Maneuvering},
  booktitle = {ITSC},
  year      = {2018}
}

@inproceedings{riskgail,
  author    = {Jonathan Lacotte and
               Mohammad Ghavamzadeh and
               Yinlam Chow and
               Marco Pavone},
  title     = {Risk-Sensitive Generative Adversarial Imitation Learning},
  booktitle = {AISTATS},
  year      = {2019}
}

@article{riskirl,
  author    = {Sumeet Singh and
               Jonathan Lacotte and
               Anirudha Majumdar and
               Marco Pavone},
  title     = {Risk-sensitive inverse reinforcement learning via semi- and non-parametric
               methods},
  journal   = {I. J. Robotics Res.},
  volume    = {37},
  number    = {13-14},
  year      = {2018}
}

@inproceedings{coattend,
  author    = {Jiasen Lu and
               Jianwei Yang and
               Dhruv Batra and
               Devi Parikh},
  title     = {Hierarchical Question-Image Co-Attention for Visual Question Answering},
  booktitle = {NIPS},
  year      = {2016},
}


@inproceedings{san,
  author    = {Zichao Yang and
               Xiaodong He and
               Jianfeng Gao and
               Li Deng and
               Alexander J. Smola},
  title     = {Stacked Attention Networks for Image Question Answering},
  booktitle = {CVPR},
  year      = {2016},
}

@inproceedings{bert,
  author    = {Jacob Devlin and
               Ming{-}Wei Chang and
               Kenton Lee and
               Kristina Toutanova},
  title     = {{BERT}: Pre-training of Deep Bidirectional Transformers for Language
               Understanding},
  booktitle = {NAACL-HLT},
  year      = {2019},
}

@inproceedings{clothoid,
  title     = {Path Generation for Robot Vehicles Using Composite Clothoid Segments},
  author    = {Dong Hun Shin and Sanjiv Singh},
  year      = {1990}
}

@inproceedings{attendrbm,
  author    = {Hugo Larochelle and
               Geoffrey E. Hinton},
  title     = {Learning to combine foveal glimpses with a third-order Boltzmann machine},
  booktitle = {NIPS},
  year      = {2010}
}

@article{saliencyvisattend,
author      = {Itti, Laurent and Koch, Christof and Niebur, Ernst},
title       = {A Model of Saliency-Based Visual Attention for Rapid Scene Analysis},
year        = {1998},
publisher   = {IEEE Computer Society},
address     = {USA},
volume      = {20},
number      = {11},
issn        = {0162-8828},
journal     = {IEEE Trans. Pattern Anal. Mach. Intell.},
pages       = {1254–1259}
}

@article{selectivetuning,
  author    = {John K. Tsotsos and
               Sean M. Culhane and
               Winky Yan Kei Wai and
               Yuzhong Lai and
               Neal Davis and
               Fernando Nuflo},
  title     = {Modeling Visual Attention via Selective Tuning},
  journal   = {Artif. Intell.},
  volume    = {78},
  number    = {1-2},
  pages     = {507--545},
  year      = {1995}
}

@inproceedings{machinetrans,
  author    = {Dzmitry Bahdanau and
               Kyunghyun Cho and
               Yoshua Bengio},
  title     = {Neural Machine Translation by Jointly Learning to Align and Translate},
  booktitle = {ICLR},
  year      = {2015}
}

@book{neurobiology,
  author      = "Laurent Itti and Geraint Rees and John K. Tsotsos",
  title       = "Neurobiology of Attention",
  publisher   = "Academic Press",
  address     = "Burlington",
  year        = "2005"
}

@inproceedings{predicthuman,
  author    = {Tilke Judd and
               Krista A. Ehinger and
               Fr{\'{e}}do Durand and
               Antonio Torralba},
  title     = {Learning to predict where humans look},
  booktitle = {ICCV},
  year      = {2009}
}

@article{sparsecoding,
  title     = {Sparse coding with an overcomplete basis set: A strategy employed by V1?},
  author    = {Bruno A. Olshausen and David J. Field},
  journal   = {Vision Research},
  year      = {1997},
  volume    = {37},
  pages     = {3311-3325}
}

@article{cnvlutin,
  author    = {Patrick Judd and
               Alberto Delmas Lascorz and
               Sayeh Sharify and
               Andreas Moshovos},
  title     = {Cnvlutin2: Ineffectual-Activation-and-Weight-Free Deep Neural Network
               Computing},
  journal   = {CoRR},
  volume    = {abs/1705.00125},
  year      = {2017}
}

@article{relusparse,
  author    = {Shaohuai Shi and
               Xiaowen Chu},
  title     = {Speeding up Convolutional Neural Networks By Exploiting the Sparsity
               of Rectifier Units},
  journal   = {CoRR},
  volume    = {abs/1704.07724},
  year      = {2017}
}


@article{baidu,
  author    = {Haoyang Fan and
               Fan Zhu and
               Changchun Liu and
               Liangliang Zhang and
               Li Zhuang and
               Dong Li and
               Weicheng Zhu and
               Jiangtao Hu and
               Hongye Li and
               Qi Kong},
  title     = {Baidu Apollo {EM} Motion Planner},
  journal   = {CoRR},
  volume    = {abs/1807.08048},
  year      = {2018}
}


@inproceedings{chauffeur,
  author    = {Mayank Bansal and
               Alex Krizhevsky and
               Abhijit S. Ogale},
  title     = {ChauffeurNet: Learning to Drive by Imitating the Best and Synthesizing
               the Worst},
  booktitle = {RSS},
  year      = {2019}
}



@article{nuscenes,
  author    = {Holger Caesar and
               Varun Bankiti and
               Alex H. Lang and
               Sourabh Vora and
               Venice Erin Liong and
               Qiang Xu and
               Anush Krishnan and
               Yu Pan and
               Giancarlo Baldan and
               Oscar Beijbom},
  title     = {nuScenes: {A} multimodal dataset for autonomous driving},
  journal   = {CoRR},
  volume    = {abs/1903.11027},
  year      = {2019}
}

@article{pspnet,
  author    = {Hengshuang Zhao and
               Jianping Shi and 
               Xiaojuan Qi and 
               Xiaogang Wang and 
               Jiaya Jia},
  title     = {Pyramid Scene Parsing Network},
  journal   = {CVPR},
  year      = {2017}
}

@article{dronecount,
  author    = {Yuanqiang Cai and
               Dawei Du and
               Libo Zhang and
               Longyin Wen and
               Weiqiang Wang and
               Yanjun Wu and
               Siwei Lyu},
  title     = {Guided Attention Network for Object Detection and Counting on Drones},
  journal   = {CoRR},
  volume    = {abs/1909.11307},
  year      = {2019}
}

@inproceedings{progressivesparse,
  author    = {Chaoxu Guo and
               Bin Fan and
               Jie Gu and
               Qian Zhang and
               Shiming Xiang and
               V{\'{e}}ronique Prinet and
               Chunhong Pan},
  title     = {Progressive Sparse Local Attention for Video Object Detection},
  booktitle = {ICCV},
  year      = {2019}
}

@inproceedings{pnpnet,
  author    = {Ming Liang and
               Bin Yang and 
               Wenyuan Zeng and 
               Yun Chen and 
               Rui Hu and 
               Sergio Casas and 
               Raquel Urtasun},
  title     = {{PnPNet}: End-to-End Perception and Prediction With Tracking in the Loop},
  booktitle = {CVPR},
  year      = {2020}
}

@inproceedings{pag,
  author    = {Shu Kong and
               Charless C. Fowlkes},
  title     = {Pixel-Wise Attentional Gating for Scene Parsing},
  booktitle = {WACV},
  year      = {2019}
}

@inproceedings{advmesh,
  author    = {James Tu and
               Mengye Ren and
               Sivabalan Manivasagam and
               Ming Liang and
               Bin Yang and
               Richard Du and
               Frank Cheng and
               Raquel Urtasun},
  title     = {Physically Realizable Adversarial Examples for LiDAR Object Detection},
  booktitle = {CVPR},
  year      = {2020}
}

@inproceedings{pthree,
  author    = {Abbas Sadat and
               Sergio Casas and
               Mengye Ren and
               Xinyu Wu and
               Pranaab Dhawan and
               Raquel Urtasun},
  title     = {Perceive, Predict, and Plan: Safe Motion Planning Through Interpretable
               Semantic Representations},
  booktitle = {ECCV},
  year      = {2020}
}

@inproceedings{casas2019spatially,
 author     = {Casas, Sergio and Gulino, Cole and Liao, Renjie and Urtasun, Raquel},
 booktitle  = {ICRA},
 title      = {Spatially-Aware Graph Neural Networks for Relational Behavior Forecasting from Sensor Data},
 year       = {2019}
}

@inproceedings{ilvm,
 author     = {Casas, Sergio and Gulino, Cole and Suo, Simon and Luo, Katie and Liao, Renjie and Urtasun, Raquel},
 booktitle  = {ECCV},
 title      = {Implicit Latent Variable Model for Scene-Consistent Motion Forecasting},
 year       = {2020}
}

@inproceedings{interacttransform2020,
 author     = {Li, Lingyun and Yang, Bin and Liang, Ming and Zeng, Wenyuan and Ren, Mengye and Segal, Sean and Urtasun, Raquel},
 booktitle  = {IROS},
 title      = {End-to-end Contextual Perception and Prediction with Interaction Transformer},
 year       = {2020}
}

@inproceedings{jain2019discrete,
 author     = {Jain, Ajay and Casas, Sergio and Liao, Renjie and Xiong, Yuwen and Feng, Song and Segal, Sean and Urtasun, Raquel},
 booktitle  = {CoRL},
 title.     = {Discrete Residual Flow for Probabilistic Pedestrian Behavior Prediction},
 year       = {2019}
}

@inproceedings{lgn,
 author     = {Liang, Ming and Yang, Bin and Hu, Rui and Chen, Yun and Liao, Renjie and Feng, Song and Urtasun, Raquel},
 booktitle  = {ECCV},
 title      = {Learning Lane Graph Representations for Motion Forecasting},
 year       = {2020}
}

@inproceedings{dsdnet,
 title      = {DSDNet: Deep Structured self-Driving Network},
 author     = {Wenyuan Zeng and Shenlong Wang and Renjie Liao and Yun Chen and Bin Yang and Raquel Urtasun},
 booktitle  = {ECCV},
 year       = {2020}
}

@inproceedings{manivasagam2020lidarsim,
 author = {Manivasagam, Sivabalan and Wang, Shenlong and Wong, Kelvin and Zeng, Wenyuan and Sazanovich, Mikita and Tan, Shuhan and Yang, Bin and Ma, Wei-Chiu and Urtasun, Raquel},
 booktitle = {CVPR},
 title = {LiDARsim: Realistic LiDAR Simulation by Leveraging the Real World},
 year = {2020}
}

@inproceedings{pmlr-v87-casas18a,
 author = {Casas, Sergio and Luo, Wenjie and Urtasun, Raquel},
 booktitle = {Proceedings of The 2nd Conference on Robot Learning},
 title = {IntentNet: Learning to Predict Intention from Raw Sensor Data},
 year = {2018}
}
@inproceedings{ppp,
 author = {Sadat, Abbas and Casas, Sergio and Ren, Mengye and Wu, Xinyu and Dhawan, Pranaab and Urtasun, Raquel},
 booktitle = {ECCV},
 title = {Perceive, Predict, and Plan: Safe Motion Planning Through Interpretable Semantic Representations},
 year = {2020}
}
@inproceedings{priorpred,
 author = {Casas, Sergio and Gulino, Cole and Suo, Simon and Urtasun, Raquel},
 booktitle = {IROS},
 title = {The Importance of Prior Knowledge in Precise Multimodal Prediction},
 year = {2020}
}
@inproceedings{radar,
 author = {Yang, Bin and Guo, Runsheng Benson and Liang, Ming and Sergio, Casas and Urtasun, Raquel},
 booktitle = {ECCV},
 title = {Exploiting Radar for Robust Perception of Dynamic Objects},
 year = {2020}
}
@article{sadat2019jointly,
 author = {Sadat, Abbas and Ren, Mengye and Pokrovsky, Andrei and Lin, Yen-Chen and Yumer, Ersin and Urtasun, Raquel},
 journal = {arXiv},
 title = {Jointly Learnable Behavior and Trajectory Planning for Self-Driving Vehicles},
 year = {2019}
}
@inproceedings{v2v,
 author = {Wang, Tsun-Hsuan and Manivasagam, Sivabalan and Liang, Ming and Yang, Bin and Zeng, Wenyuan and Urtasun Raquel},
 booktitle = {ECCV},
 title = {V2VNet: Vehicle-to-Vehicle Communication for Joint Perception and Prediction},
 year = {2020}
}
@inproceedings{yang2018pixor,
 author = {Yang, Bin and Luo, Wenjie and Urtasun, Raquel},
 title = {PIXOR: Real-Time 3D Object Detection From Point Clouds}
}
@inproceedings{zeng2019end,
 author = {Zeng, Wenyuan and Luo, Wenjie and Suo, Simon and Sadat, Abbas and Yang, Bin and Casas, Sergio and Urtasun, Raquel},
 booktitle = {CVPR},
 title = {End-to-end Interpretable Neural Motion Planner},
 year = {2019}
}

@inproceedings{pnpsim,
author = {Kelvin Wong and Qiang Zhang and Ming Liang and Bin Yang and Renjie Liao and Abbas Sadat and Raquel Urtasun},
booktitle = {ECCV},
title = {Testing the Safety of Self-driving Vehicles by Simulating Perception and Prediction},
year = {2020}
}